<?xml version="1.0" encoding="UTF-8"?>
<!DOCTYPE html PUBLIC "-//W3C//DTD XHTML 1.0 Transitional//EN"
    "http://www.w3.org/TR/xhtml1/DTD/xhtml1-transitional.dtd">
<html xmlns="http://www.w3.org/1999/xhtml" xml:lang="en" lang="en">
 <head>
  <title>
</title>
<meta http-equiv="Content-Type" content="text/html;charset=utf-8" />
  <meta name='ocr-system' content='tesseract 3.04.00' />
  <meta name='ocr-capabilities' content='ocr_page ocr_carea ocr_par ocr_line ocrx_word'/>
</head>
<body>
  <div class='ocr_page' id='page_1' title='image "./chartulariumabb00fowlgoog_0251.png"; bbox 0 0 2940 5048; ppageno 0'>
   <div class='ocr_carea' id='block_1_1' title="bbox 69 4030 201 4138">
    <p class='ocr_par' dir='ltr' id='par_1_1' title="bbox 69 4030 201 4138">
     <span class='ocr_line' id='line_1_1' title="bbox 69 4030 201 4138; baseline -0.023 0"><span class='ocrx_word' id='word_1_1' title='bbox 69 4030 201 4138; x_wconf 64' lang='grc'><strong>111111.</strong></span> 
     </span>
    </p>
   </div>
   <div class='ocr_carea' id='block_1_2' title="bbox 678 304 956 358">
    <p class='ocr_par' dir='ltr' id='par_1_2' title="bbox 678 304 956 358">
     <span class='ocr_line' id='line_1_2' title="bbox 678 304 956 358; baseline 0.004 -2"><span class='ocrx_word' id='word_1_2' title='bbox 678 304 956 358; x_wconf 67' lang='lat' dir='ltr'><strong>calumniaturi</strong></span> 
     </span>
    </p>
   </div>
   <div class='ocr_carea' id='block_1_3' title="bbox 240 473 1393 3735">
    <p class='ocr_par' dir='ltr' id='par_1_3' title="bbox 240 473 1393 3735">
     <span class='ocr_line' id='line_1_3' title="bbox 240 473 1371 559; baseline 0.005 -24"><span class='ocrx_word' id='word_1_3' title='bbox 240 474 324 556; x_wconf 89' lang='lat' dir='ltr'><strong>quod</strong></span> <span class='ocrx_word' id='word_1_4' title='bbox 341 494 415 536; x_wconf 91' lang='lat' dir='ltr'><strong>cum</strong></span> <span class='ocrx_word' id='word_1_5' title='bbox 432 494 487 555; x_wconf 89' lang='lat' dir='ltr'><strong>per</strong></span> <span class='ocrx_word' id='word_1_6' title='bbox 501 473 562 535; x_wconf 88' lang='lat' dir='ltr'><strong>Dei</strong></span> <span class='ocrx_word' id='word_1_7' title='bbox 577 474 721 557; x_wconf 80' lang='lat' dir='ltr'><strong>graciam</strong></span> <span class='ocrx_word' id='word_1_8' title='bbox 736 480 769 537; x_wconf 92' lang='lat' dir='ltr'><strong>et</strong></span> <span class='ocrx_word' id='word_1_9' title='bbox 785 475 1026 537; x_wconf 86' lang='lat' dir='ltr'><strong>ordinacionem</strong></span> <span class='ocrx_word' id='word_1_10' title='bbox 1038 474 1167 538; x_wconf 90' lang='grc'><strong>(1111111</strong></span> <span class='ocrx_word' id='word_1_11' title='bbox 1183 475 1277 559; x_wconf 83' lang='lat' dir='ltr'><strong>Papae</strong></span> <span class='ocrx_word' id='word_1_12' title='bbox 1290 481 1371 542; x_wconf 86' lang='lat' dir='ltr'><strong>vocati</strong></span> 
     </span>
     <span class='ocr_line' id='line_1_4' title="bbox 241 570 1374 654; baseline 0.004 -23"><span class='ocrx_word' id='word_1_13' title='bbox 241 571 409 632; x_wconf 78' lang='lat' dir='ltr'><strong>fuissemus</strong></span> <span class='ocrx_word' id='word_1_14' title='bbox 423 571 465 632; x_wconf 91' lang='lat' dir='ltr'><strong>ad</strong></span> <span class='ocrx_word' id='word_1_15' title='bbox 481 590 613 650; x_wconf 83' lang='lat' dir='ltr'><strong>regnum</strong></span> <span class='ocrx_word' id='word_1_16' title='bbox 639 570 778 634; x_wconf 76' lang='lat' dir='ltr'><strong>ecelesia</strong></span> <span class='ocrx_word' id='word_1_17' title='bbox 804 571 1029 649; x_wconf 88' lang='lat' dir='ltr'><strong>Karliolensis,</strong></span> <span class='ocrx_word' id='word_1_18' title='bbox 1052 578 1088 634; x_wconf 91' lang='lat' dir='ltr'><strong>et</strong></span> <span class='ocrx_word' id='word_1_19' title='bbox 1108 574 1215 654; x_wconf 86' lang='lat' dir='ltr'><strong>ipsam</strong></span> <span class='ocrx_word' id='word_1_20' title='bbox 1230 572 1292 635; x_wconf 81' lang='lat' dir='ltr'><strong>fere</strong></span> <span class='ocrx_word' id='word_1_21' title='bbox 1305 576 1374 637; x_wconf 81' lang='lat' dir='ltr'><strong>iure·</strong></span> 
     </span>
     <span class='ocr_line' id='line_1_5' title="bbox 242 666 1376 752; baseline 0.005 -26"><span class='ocrx_word' id='word_1_22' title='bbox 242 667 347 727; x_wconf 84' lang='lat' dir='ltr'><strong>nimus</strong></span> <span class='ocrx_word' id='word_1_23' title='bbox 371 666 556 748; x_wconf 81' lang='lat' dir='ltr'><strong>collapsam,</strong></span> <span class='ocrx_word' id='word_1_24' title='bbox 579 673 614 729; x_wconf 89' lang='lat' dir='ltr'><strong>et</strong></span> <span class='ocrx_word' id='word_1_25' title='bbox 637 666 721 728; x_wconf 88' lang='lat' dir='ltr'><strong>bona</strong></span> <span class='ocrx_word' id='word_1_26' title='bbox 746 686 819 748; x_wconf 83' lang='lat' dir='ltr'><strong>quae</strong></span> <span class='ocrx_word' id='word_1_27' title='bbox 842 667 882 728; x_wconf 89' lang='lat' dir='ltr'><strong>ad</strong></span> <span class='ocrx_word' id='word_1_28' title='bbox 907 669 1011 749; x_wconf 86' lang='lat' dir='ltr'><strong>ipsam</strong></span> <span class='ocrx_word' id='word_1_29' title='bbox 1037 667 1081 730; x_wconf 86' lang='lat' dir='ltr'><strong>ab</strong></span> <span class='ocrx_word' id='word_1_30' title='bbox 1105 669 1245 750; x_wconf 88' lang='lat' dir='ltr'><strong>antiquo</strong></span> <span class='ocrx_word' id='word_1_31' title='bbox 1266 669 1376 752; x_wconf 85' lang='lat' dir='ltr'><strong>dejure</strong></span> 
     </span>
     <span class='ocr_line' id='line_1_6' title="bbox 241 761 1377 848; baseline 0.004 -26"><span class='ocrx_word' id='word_1_32' title='bbox 241 761 449 844; x_wconf 87' lang='lat' dir='ltr'><strong>pertinebant</strong></span> <span class='ocrx_word' id='word_1_33' title='bbox 462 782 501 822; x_wconf 87' lang='lat' dir='ltr'><strong>ex</strong></span> <span class='ocrx_word' id='word_1_34' title='bbox 516 767 607 843; x_wconf 89' lang='lat' dir='ltr'><strong>parte</strong></span> <span class='ocrx_word' id='word_1_35' title='bbox 622 782 741 845; x_wconf 88' lang='lat' dir='ltr'><strong>magna</strong></span> <span class='ocrx_word' id='word_1_36' title='bbox 756 763 889 825; x_wconf 82' lang='lat' dir='ltr'><strong>tuissent</strong></span> <span class='ocrx_word' id='word_1_37' title='bbox 904 763 1058 839; x_wconf 87' lang='lat' dir='ltr'><strong>alienata,</strong></span> <span class='ocrx_word' id='word_1_38' title='bbox 1072 762 1285 846; x_wconf 78' lang='lat' dir='ltr'><strong>diligenciam</strong></span> <span class='ocrx_word' id='word_1_39' title='bbox 1299 786 1377 848; x_wconf 84' lang='lat' dir='ltr'><strong>quan</strong></span> 
     </span>
     <span class='ocr_line' id='line_1_7' title="bbox 242 857 1378 941; baseline 0.004 -22"><span class='ocrx_word' id='word_1_40' title='bbox 242 859 350 920; x_wconf 81' lang='lat' dir='ltr'><strong>decuit</strong></span> <span class='ocrx_word' id='word_1_41' title='bbox 364 857 578 936; x_wconf 79' lang='lat' dir='ltr'><strong>adhibuimus,</strong></span> <span class='ocrx_word' id='word_1_42' title='bbox 593 858 732 941; x_wconf 79' lang='lat' dir='ltr'><strong>qualiter</strong></span> <span class='ocrx_word' id='word_1_43' title='bbox 747 879 785 920; x_wconf 89' lang='lat' dir='ltr'><strong>ea</strong></span> <span class='ocrx_word' id='word_1_44' title='bbox 798 878 960 941; x_wconf 88' lang='lat' dir='ltr'><strong>possemus</strong></span> <span class='ocrx_word' id='word_1_45' title='bbox 982 880 1150 934; x_wconf 86' lang='lat' dir='ltr'><strong>renovare,</strong></span> <span class='ocrx_word' id='word_1_46' title='bbox 1172 865 1209 923; x_wconf 87' lang='lat' dir='ltr'><strong>et</strong></span> <span class='ocrx_word' id='word_1_47' title='bbox 1229 860 1263 921; x_wconf 89' lang='lat' dir='ltr'><strong>iu</strong></span> <span class='ocrx_word' id='word_1_48' title='bbox 1278 866 1378 924; x_wconf 88' lang='lat' dir='ltr'><strong>statum</strong></span> 
     </span>
     <span class='ocr_line' id='line_1_8' title="bbox 242 954 1379 1037; baseline 0.004 -21"><span class='ocrx_word' id='word_1_49' title='bbox 242 954 388 1016; x_wconf 90' lang='lat' dir='ltr'><strong>debitum</strong></span> <span class='ocrx_word' id='word_1_50' title='bbox 404 954 585 1015; x_wconf 86' lang='lat' dir='ltr'><strong>reformare.</strong></span> <span class='ocrx_word' id='word_1_51' title='bbox 630 954 713 1017; x_wconf 88' lang='lat' dir='ltr'><strong>Cum</strong></span> <span class='ocrx_word' id='word_1_52' title='bbox 736 955 838 1037; x_wconf 84' lang='lat' dir='ltr'><strong>igitur</strong></span> <span class='ocrx_word' id='word_1_53' title='bbox 859 956 1055 1017; x_wconf 88' lang='lat' dir='ltr'><strong>auctoritate</strong></span> <span class='ocrx_word' id='word_1_54' title='bbox 1071 956 1261 1019; x_wconf 77' lang='lat' dir='ltr'><strong>litterarum</strong></span> <span class='ocrx_word' id='word_1_55' title='bbox 1274 957 1379 1019; x_wconf 90' lang='lat' dir='ltr'><strong>domini</strong></span> 
     </span>
     <span class='ocr_line' id='line_1_9' title="bbox 243 1049 1380 1132; baseline 0.004 -20"><span class='ocrx_word' id='word_1_56' title='bbox 243 1052 339 1132; x_wconf 76' lang='lat' dir='ltr'><strong>Papa¹</strong></span> <span class='ocrx_word' id='word_1_57' title='bbox 370 1050 505 1132; x_wconf 83' lang='lat' dir='ltr'><strong>quaestio</strong></span> <span class='ocrx_word' id='word_1_58' title='bbox 535 1058 624 1112; x_wconf 90' lang='lat' dir='ltr'><strong>mota</strong></span> <span class='ocrx_word' id='word_1_59' title='bbox 651 1049 764 1113; x_wconf 86' lang='lat' dir='ltr'><strong>fuisset</strong></span> <span class='ocrx_word' id='word_1_60' title='bbox 789 1070 895 1113; x_wconf 89' lang='lat' dir='ltr'><strong>coram</strong></span> <span class='ocrx_word' id='word_1_61' title='bbox 919 1052 1052 1114; x_wconf 90' lang='lat' dir='ltr'><strong>domino</strong></span> <span class='ocrx_word' id='word_1_62' title='bbox 1076 1052 1243 1116; x_wconf 78' lang='lat' dir='ltr'><strong>Pandulfo</strong></span> <span class='ocrx_word' id='word_1_63' title='bbox 1262 1053 1380 1116; x_wconf 87' lang='lat' dir='ltr'><strong>Norrric.</strong></span> 
     </span>
     <span class='ocr_line' id='line_1_10' title="bbox 241 1145 1380 1230; baseline 0.003 -22"><span class='ocrx_word' id='word_1_64' title='bbox 241 1147 357 1208; x_wconf 88' lang='lat' dir='ltr'><strong>electo¹</strong></span> <span class='ocrx_word' id='word_1_65' title='bbox 372 1146 400 1227; x_wconf 89' lang='lat' dir='ltr'><strong>ej</strong></span> <span class='ocrx_word' id='word_1_66' title='bbox 405 1147 514 1207; x_wconf 88' lang='lat' dir='ltr'><strong>usdem</strong></span> <span class='ocrx_word' id='word_1_67' title='bbox 526 1146 649 1208; x_wconf 92' lang='lat' dir='ltr'><strong>domini</strong></span> <span class='ocrx_word' id='word_1_68' title='bbox 660 1145 757 1228; x_wconf 73' lang='lat' dir='ltr'><strong>Papae</strong></span> <span class='ocrx_word' id='word_1_69' title='bbox 766 1147 950 1222; x_wconf 88' lang='lat' dir='ltr'><strong>camerario,</strong></span> <span class='ocrx_word' id='word_1_70' title='bbox 961 1147 1160 1230; x_wconf 78' lang='lat' dir='ltr'><strong>Apostolicae</strong></span> <span class='ocrx_word' id='word_1_71' title='bbox 1171 1149 1256 1211; x_wconf 88' lang='lat' dir='ltr'><strong>sedis</strong></span> <span class='ocrx_word' id='word_1_72' title='bbox 1269 1155 1341 1211; x_wconf 88' lang='lat' dir='ltr'><strong>tunc</strong></span> <span class='ocrx_word' id='word_1_73' title='bbox 1352 1150 1380 1211; x_wconf 89' lang='lat' dir='ltr'><strong>in</strong></span> 
     </span>
     <span class='ocr_line' id='line_1_11' title="bbox 242 1241 1382 1327; baseline 0.002 -23"><span class='ocrx_word' id='word_1_74' title='bbox 242 1243 358 1325; x_wconf 86' lang='lat' dir='ltr'><strong>Anglia</strong></span> <span class='ocrx_word' id='word_1_75' title='bbox 374 1242 493 1323; x_wconf 85' lang='lat' dir='ltr'><strong>legato,</strong></span> <span class='ocrx_word' id='word_1_76' title='bbox 513 1262 606 1323; x_wconf 90' lang='lat' dir='ltr'><strong>super</strong></span> <span class='ocrx_word' id='word_1_77' title='bbox 627 1243 794 1305; x_wconf 89' lang='lat' dir='ltr'><strong>ecclesiam</strong></span> <span class='ocrx_word' id='word_1_78' title='bbox 817 1243 857 1304; x_wconf 93' lang='lat' dir='ltr'><strong>de</strong></span> <span class='ocrx_word' id='word_1_79' title='bbox 878 1241 1114 1321; x_wconf 85' lang='lat' dir='ltr'><strong>Werkeworth‚</strong></span> <span class='ocrx_word' id='word_1_80' title='bbox 1136 1266 1213 1327; x_wconf 83' lang='lat' dir='ltr'><strong>quae</strong></span> <span class='ocrx_word' id='word_1_81' title='bbox 1234 1246 1276 1307; x_wconf 88' lang='lat' dir='ltr'><strong>ad</strong></span> <span class='ocrx_word' id='word_1_82' title='bbox 1293 1244 1382 1327; x_wconf 87' lang='lat' dir='ltr'><strong>juset</strong></span> 
     </span>
     <span class='ocr_line' id='line_1_12' title="bbox 241 1337 1383 1423; baseline 0.004 -24"><span class='ocrx_word' id='word_1_83' title='bbox 241 1339 471 1419; x_wconf 80' lang='lat' dir='ltr'><strong>proprietatem</strong></span> <span class='ocrx_word' id='word_1_84' title='bbox 495 1337 662 1418; x_wconf 82' lang='lat' dir='ltr'><strong>spectabat</strong></span> <span class='ocrx_word' id='word_1_85' title='bbox 687 1337 827 1400; x_wconf 85' lang='lat' dir='ltr'><strong>ecclesiae</strong></span> <span class='ocrx_word' id='word_1_86' title='bbox 852 1338 1070 1416; x_wconf 89' lang='lat' dir='ltr'><strong>Karliolensis,</strong></span> <span class='ocrx_word' id='word_1_87' title='bbox 1093 1348 1131 1403; x_wconf 89' lang='lat' dir='ltr'><strong>et</strong></span> <span class='ocrx_word' id='word_1_88' title='bbox 1157 1341 1248 1404; x_wconf 91' lang='lat' dir='ltr'><strong>idem</strong></span> <span class='ocrx_word' id='word_1_89' title='bbox 1274 1341 1383 1423; x_wconf 77' lang='lat' dir='ltr'><strong>legatia</strong></span> 
     </span>
     <span class='ocr_line' id='line_1_13' title="bbox 241 1433 1384 1519; baseline 0.004 -25"><span class='ocrx_word' id='word_1_90' title='bbox 241 1455 313 1495; x_wconf 87' lang='lat' dir='ltr'><strong>eam</strong></span> <span class='ocrx_word' id='word_1_91' title='bbox 338 1433 431 1495; x_wconf 91' lang='lat' dir='ltr'><strong>nobis</strong></span> <span class='ocrx_word' id='word_1_92' title='bbox 453 1433 680 1514; x_wconf 86' lang='lat' dir='ltr'><strong>adjudicasset,</strong></span> <span class='ocrx_word' id='word_1_93' title='bbox 705 1434 887 1516; x_wconf 84' lang='lat' dir='ltr'><strong>Stephanus</strong></span> <span class='ocrx_word' id='word_1_94' title='bbox 911 1435 951 1496; x_wconf 91' lang='lat' dir='ltr'><strong>de</strong></span> <span class='ocrx_word' id='word_1_95' title='bbox 977 1436 1084 1499; x_wconf 89' lang='lat' dir='ltr'><strong>Hend&#39;</strong></span> <span class='ocrx_word' id='word_1_96' title='bbox 1109 1438 1169 1519; x_wconf 89' lang='lat' dir='ltr'><strong>qui</strong></span> <span class='ocrx_word' id='word_1_97' title='bbox 1194 1457 1269 1500; x_wconf 87' lang='lat' dir='ltr'><strong>eam</strong></span> <span class='ocrx_word' id='word_1_98' title='bbox 1295 1436 1384 1501; x_wconf 84' lang='grc'><strong>111111</strong></span> 
     </span>
     <span class='ocr_line' id='line_1_14' title="bbox 241 1530 1385 1616; baseline 0.003 -25"><span class='ocrx_word' id='word_1_99' title='bbox 241 1536 385 1611; x_wconf 87' lang='lat' dir='ltr'><strong>tempore</strong></span> <span class='ocrx_word' id='word_1_100' title='bbox 410 1535 628 1611; x_wconf 88' lang='lat' dir='ltr'><strong>occupaverat,</strong></span> <span class='ocrx_word' id='word_1_101' title='bbox 651 1530 784 1593; x_wconf 86' lang='lat' dir='ltr'><strong>tandem</strong></span> <span class='ocrx_word' id='word_1_102' title='bbox 807 1551 913 1592; x_wconf 91' lang='lat' dir='ltr'><strong>coram</strong></span> <span class='ocrx_word' id='word_1_103' title='bbox 936 1531 1048 1593; x_wconf 88' lang='lat' dir='ltr'><strong>eodem</strong></span> <span class='ocrx_word' id='word_1_104' title='bbox 1071 1532 1206 1596; x_wconf 88' lang='lat' dir='ltr'><strong>domino</strong></span> <span class='ocrx_word' id='word_1_105' title='bbox 1225 1533 1331 1616; x_wconf 88' lang='lat' dir='ltr'><strong>legato</strong></span> <span class='ocrx_word' id='word_1_106' title='bbox 1338 1532 1385 1616; x_wconf 86' lang='lat' dir='ltr'><strong>jus</strong></span> 
     </span>
     <span class='ocr_line' id='line_1_15' title="bbox 240 1625 1385 1707; baseline 0.003 -20"><span class='ocrx_word' id='word_1_107' title='bbox 240 1626 318 1689; x_wconf 86' lang='lat' dir='ltr'><strong>eccl.</strong></span> <span class='ocrx_word' id='word_1_108' title='bbox 335 1625 423 1687; x_wconf 90' lang='lat' dir='ltr'><strong>Karl.</strong></span> <span class='ocrx_word' id='word_1_109' title='bbox 439 1646 496 1707; x_wconf 90' lang='lat' dir='ltr'><strong>pro</strong></span> <span class='ocrx_word' id='word_1_110' title='bbox 511 1646 543 1686; x_wconf 89' lang='lat' dir='ltr'><strong>se</strong></span> <span class='ocrx_word' id='word_1_111' title='bbox 555 1645 789 1706; x_wconf 81' lang='lat' dir='ltr'><strong>recognoscens,</strong></span> <span class='ocrx_word' id='word_1_112' title='bbox 798 1627 932 1688; x_wconf 85' lang='lat' dir='ltr'><strong>eandem</strong></span> <span class='ocrx_word' id='word_1_113' title='bbox 943 1627 1112 1689; x_wconf 87' lang='lat' dir='ltr'><strong>ecclesiam</strong></span> <span class='ocrx_word' id='word_1_114' title='bbox 1123 1629 1166 1692; x_wconf 93' lang='lat' dir='ltr'><strong>de</strong></span> <span class='ocrx_word' id='word_1_115' title='bbox 1176 1629 1385 1692; x_wconf 83' lang='lat' dir='ltr'><strong>Werlrevvorth</strong></span> 
     </span>
     <span class='ocr_line' id='line_1_16' title="bbox 242 1721 1386 1804; baseline 0.004 -20"><span class='ocrx_word' id='word_1_116' title='bbox 242 1725 275 1784; x_wconf 91' lang='lat' dir='ltr'><strong>in</strong></span> <span class='ocrx_word' id='word_1_117' title='bbox 292 1744 389 1784; x_wconf 84' lang='lat' dir='ltr'><strong>manu</strong></span> <span class='ocrx_word' id='word_1_118' title='bbox 404 1728 513 1783; x_wconf 88' lang='lat' dir='ltr'><strong>nostra</strong></span> <span class='ocrx_word' id='word_1_119' title='bbox 528 1721 626 1783; x_wconf 87' lang='lat' dir='ltr'><strong>libere</strong></span> <span class='ocrx_word' id='word_1_120' title='bbox 641 1723 827 1804; x_wconf 83' lang='lat' dir='ltr'><strong>resignavit,</strong></span> <span class='ocrx_word' id='word_1_121' title='bbox 838 1722 923 1784; x_wconf 86' lang='lat' dir='ltr'><strong>facta</strong></span> <span class='ocrx_word' id='word_1_122' title='bbox 938 1729 1047 1784; x_wconf 89' lang='lat' dir='ltr'><strong>autem</strong></span> <span class='ocrx_word' id='word_1_123' title='bbox 1064 1724 1299 1788; x_wconf 89' lang='lat' dir='ltr'><strong>distribucioue</strong></span> <span class='ocrx_word' id='word_1_124' title='bbox 1313 1727 1386 1788; x_wconf 83' lang='lat' dir='ltr'><strong>inter</strong></span> 
     </span>
     <span class='ocr_line' id='line_1_17' title="bbox 241 1819 1386 1901; baseline 0.003 -21"><span class='ocrx_word' id='word_1_125' title='bbox 241 1840 298 1880; x_wconf 93' lang='lat' dir='ltr'><strong>nos</strong></span> <span class='ocrx_word' id='word_1_126' title='bbox 323 1825 356 1881; x_wconf 91' lang='lat' dir='ltr'><strong>et</strong></span> <span class='ocrx_word' id='word_1_127' title='bbox 380 1819 517 1900; x_wconf 90' lang='lat' dir='ltr'><strong>priorem</strong></span> <span class='ocrx_word' id='word_1_128' title='bbox 544 1824 578 1880; x_wconf 88' lang='lat' dir='ltr'><strong>et</strong></span> <span class='ocrx_word' id='word_1_129' title='bbox 601 1820 769 1880; x_wconf 88' lang='lat' dir='ltr'><strong>canonicas</strong></span> <span class='ocrx_word' id='word_1_130' title='bbox 791 1825 913 1881; x_wconf 91' lang='lat' dir='ltr'><strong>nostros</strong></span> <span class='ocrx_word' id='word_1_131' title='bbox 938 1840 1010 1901; x_wconf 85' lang='lat' dir='ltr'><strong>quae</strong></span> <span class='ocrx_word' id='word_1_132' title='bbox 1029 1820 1070 1881; x_wconf 88' lang='lat' dir='ltr'><strong>de</strong></span> <span class='ocrx_word' id='word_1_133' title='bbox 1094 1823 1255 1885; x_wconf 89' lang='lat' dir='ltr'><strong>mandato</strong></span> <span class='ocrx_word' id='word_1_134' title='bbox 1274 1823 1386 1886; x_wconf 90' lang='lat' dir='ltr'><strong>domini</strong></span> 
     </span>
     <span class='ocr_line' id='line_1_18' title="bbox 242 1916 1388 1998; baseline 0.004 -21"><span class='ocrx_word' id='word_1_135' title='bbox 242 1917 338 1998; x_wconf 68' lang='lat' dir='ltr'><strong>Papae</strong></span> <span class='ocrx_word' id='word_1_136' title='bbox 350 1916 412 1976; x_wconf 89' lang='lat' dir='ltr'><strong>fuit</strong></span> <span class='ocrx_word' id='word_1_137' title='bbox 428 1916 585 1991; x_wconf 88' lang='lat' dir='ltr'><strong>ordinata,</strong></span> <span class='ocrx_word' id='word_1_138' title='bbox 596 1921 635 1976; x_wconf 94' lang='lat' dir='ltr'><strong>ut</strong></span> <span class='ocrx_word' id='word_1_139' title='bbox 649 1935 704 1976; x_wconf 91' lang='lat' dir='ltr'><strong>nos</strong></span> <span class='ocrx_word' id='word_1_140' title='bbox 717 1924 750 1977; x_wconf 89' lang='lat' dir='ltr'><strong>et</strong></span> <span class='ocrx_word' id='word_1_141' title='bbox 759 1935 948 1977; x_wconf 84' lang='lat' dir='ltr'><strong>successores</strong></span> <span class='ocrx_word' id='word_1_142' title='bbox 959 1916 1060 1977; x_wconf 81' lang='lat' dir='ltr'><strong>nostri</strong></span> <span class='ocrx_word' id='word_1_143' title='bbox 1071 1917 1285 1981; x_wconf 83' lang='lat' dir='ltr'><strong>medietatem</strong></span> <span class='ocrx_word' id='word_1_144' title='bbox 1300 1918 1388 1981; x_wconf 86' lang='grc'><strong>111111-</strong></span> 
     </span>
     <span class='ocr_line' id='line_1_19' title="bbox 241 2011 1388 2094; baseline 0.002 -19"><span class='ocrx_word' id='word_1_145' title='bbox 241 2034 347 2075; x_wconf 86' lang='lat' dir='ltr'><strong>remus</strong></span> <span class='ocrx_word' id='word_1_146' title='bbox 355 2013 499 2073; x_wconf 79' lang='lat' dir='ltr'><strong>omniinn</strong></span> <span class='ocrx_word' id='word_1_147' title='bbox 510 2011 665 2072; x_wconf 90' lang='lat' dir='ltr'><strong>bonorum</strong></span> <span class='ocrx_word' id='word_1_148' title='bbox 675 2011 816 2074; x_wconf 84' lang='lat' dir='ltr'><strong>ecclesiae</strong></span> <span class='ocrx_word' id='word_1_149' title='bbox 828 2011 914 2073; x_wconf 84' lang='lat' dir='ltr'><strong>Karl.</strong></span> <span class='ocrx_word' id='word_1_150' title='bbox 925 2016 959 2073; x_wconf 89' lang='lat' dir='ltr'><strong>et</strong></span> <span class='ocrx_word' id='word_1_151' title='bbox 968 2013 1054 2094; x_wconf 90' lang='lat' dir='ltr'><strong>prior</strong></span> <span class='ocrx_word' id='word_1_152' title='bbox 1062 2018 1098 2075; x_wconf 92' lang='lat' dir='ltr'><strong>et</strong></span> <span class='ocrx_word' id='word_1_153' title='bbox 1106 2021 1288 2078; x_wconf 87' lang='lat' dir='ltr'><strong>conventus</strong></span> <span class='ocrx_word' id='word_1_154' title='bbox 1298 2015 1388 2078; x_wconf 88' lang='lat' dir='ltr'><strong>aliam</strong></span> 
     </span>
     <span class='ocr_line' id='line_1_20' title="bbox 241 2106 1388 2194; baseline 0.002 -23"><span class='ocrx_word' id='word_1_155' title='bbox 241 2110 460 2184; x_wconf 88' lang='lat' dir='ltr'><strong>medietatem,</strong></span> <span class='ocrx_word' id='word_1_156' title='bbox 476 2128 550 2168; x_wconf 88' lang='lat' dir='ltr'><strong>cum</strong></span> <span class='ocrx_word' id='word_1_157' title='bbox 565 2106 698 2169; x_wconf 88' lang='lat' dir='ltr'><strong>ecclesia</strong></span> <span class='ocrx_word' id='word_1_158' title='bbox 712 2107 752 2170; x_wconf 90' lang='lat' dir='ltr'><strong>de</strong></span> <span class='ocrx_word' id='word_1_159' title='bbox 768 2106 985 2170; x_wconf 88' lang='lat' dir='ltr'><strong>Werkeworth</strong></span> <span class='ocrx_word' id='word_1_160' title='bbox 1008 2109 1194 2173; x_wconf 84' lang='lat' dir='ltr'><strong>devenisset</strong></span> <span class='ocrx_word' id='word_1_161' title='bbox 1210 2111 1256 2173; x_wconf 91' lang='lat' dir='ltr'><strong>ad</strong></span> <span class='ocrx_word' id='word_1_162' title='bbox 1271 2118 1388 2194; x_wconf 85' lang='lat' dir='ltr'><strong>partem</strong></span> 
     </span>
     <span class='ocr_line' id='line_1_21' title="bbox 240 2204 1390 2287; baseline 0.003 -20"><span class='ocrx_word' id='word_1_163' title='bbox 240 2211 393 2280; x_wconf 85' lang='lat' dir='ltr'><strong>nostram,</strong></span> <span class='ocrx_word' id='word_1_164' title='bbox 409 2204 668 2287; x_wconf 90' lang='lat' dir='ltr'><strong>supplicaverunt</strong></span> <span class='ocrx_word' id='word_1_165' title='bbox 683 2204 843 2266; x_wconf 86' lang='lat' dir='ltr'><strong>karissimi</strong></span> <span class='ocrx_word' id='word_1_166' title='bbox 858 2205 972 2267; x_wconf 84' lang='lat' dir='ltr'><strong>fratres</strong></span> <span class='ocrx_word' id='word_1_167' title='bbox 987 2206 1087 2268; x_wconf 87' lang='lat' dir='ltr'><strong>nostri</strong></span> <span class='ocrx_word' id='word_1_168' title='bbox 1101 2206 1202 2269; x_wconf 86' lang='lat' dir='ltr'><strong>abbas</strong></span> <span class='ocrx_word' id='word_1_169' title='bbox 1212 2212 1251 2271; x_wconf 85' lang='lat' dir='ltr'><strong>et</strong></span> <span class='ocrx_word' id='word_1_170' title='bbox 1260 2228 1390 2271; x_wconf 83' lang='lat' dir='ltr'><strong>conveu-</strong></span> 
     </span>
     <span class='ocr_line' id='line_1_22' title="bbox 241 2300 1390 2391; baseline 0.003 -26"><span class='ocrx_word' id='word_1_171' title='bbox 241 2310 293 2366; x_wconf 90' lang='lat' dir='ltr'><strong>tus</strong></span> <span class='ocrx_word' id='word_1_172' title='bbox 308 2303 347 2364; x_wconf 88' lang='lat' dir='ltr'><strong>de</strong></span> <span class='ocrx_word' id='word_1_173' title='bbox 363 2302 454 2364; x_wconf 89' lang='lat' dir='ltr'><strong>Novo</strong></span> <span class='ocrx_word' id='word_1_174' title='bbox 470 2302 559 2362; x_wconf 89' lang='lat' dir='ltr'><strong>Mon.</strong></span> <span class='ocrx_word' id='word_1_175' title='bbox 576 2300 793 2364; x_wconf 83' lang='lat' dir='ltr'><strong>Cisiercicnsis</strong></span> <span class='ocrx_word' id='word_1_176' title='bbox 816 2302 935 2363; x_wconf 90' lang='lat' dir='ltr'><strong>ordinis</strong></span> <span class='ocrx_word' id='word_1_177' title='bbox 956 2308 995 2363; x_wconf 93' lang='lat' dir='ltr'><strong>ut</strong></span> <span class='ocrx_word' id='word_1_178' title='bbox 1013 2302 1155 2367; x_wconf 88' lang='lat' dir='ltr'><strong>decimas</strong></span> <span class='ocrx_word' id='word_1_179' title='bbox 1169 2306 1318 2391; x_wconf 78' lang='lat' dir='ltr'><strong>grangiae</strong></span> <span class='ocrx_word' id='word_1_180' title='bbox 1331 2325 1390 2369; x_wconf 80' lang='lat' dir='ltr'><strong>suae</strong></span> 
     </span>
     <span class='ocr_line' id='line_1_23' title="bbox 243 2397 1391 2484; baseline 0.003 -23"><span class='ocrx_word' id='word_1_181' title='bbox 243 2401 282 2462; x_wconf 91' lang='lat' dir='ltr'><strong>de</strong></span> <span class='ocrx_word' id='word_1_182' title='bbox 299 2400 456 2474; x_wconf 87' lang='lat' dir='ltr'><strong>Stretton,</strong></span> <span class='ocrx_word' id='word_1_183' title='bbox 471 2418 550 2479; x_wconf 87' lang='lat' dir='ltr'><strong>quas</strong></span> <span class='ocrx_word' id='word_1_184' title='bbox 565 2404 640 2459; x_wconf 87' lang='lat' dir='ltr'><strong>ante</strong></span> <span class='ocrx_word' id='word_1_185' title='bbox 655 2417 711 2458; x_wconf 89' lang='lat' dir='ltr'><strong>nos</strong></span> <span class='ocrx_word' id='word_1_186' title='bbox 726 2397 858 2479; x_wconf 88' lang='lat' dir='ltr'><strong>pacifice</strong></span> <span class='ocrx_word' id='word_1_187' title='bbox 881 2398 1090 2480; x_wconf 87' lang='lat' dir='ltr'><strong>possiderant,</strong></span> <span class='ocrx_word' id='word_1_188' title='bbox 1105 2399 1173 2462; x_wconf 82' lang='lat' dir='ltr'><strong>iere</strong></span> <span class='ocrx_word' id='word_1_189' title='bbox 1188 2421 1247 2483; x_wconf 89' lang='lat' dir='ltr'><strong>per</strong></span> <span class='ocrx_word' id='word_1_190' title='bbox 1262 2401 1391 2484; x_wconf 88' lang='lat' dir='ltr'><strong>quadra·</strong></span> 
     </span>
     <span class='ocr_line' id='line_1_24' title="bbox 242 2494 1390 2580; baseline 0.003 -24"><span class='ocrx_word' id='word_1_191' title='bbox 242 2498 334 2577; x_wconf 79' lang='lat' dir='ltr'><strong>ginta</strong></span> <span class='ocrx_word' id='word_1_192' title='bbox 350 2515 459 2569; x_wconf 89' lang='lat' dir='ltr'><strong>annos,</strong></span> <span class='ocrx_word' id='word_1_193' title='bbox 474 2495 562 2556; x_wconf 91' lang='lat' dir='ltr'><strong>redd.</strong></span> <span class='ocrx_word' id='word_1_194' title='bbox 578 2495 746 2556; x_wconf 89' lang='lat' dir='ltr'><strong>aunuatim</strong></span> <span class='ocrx_word' id='word_1_195' title='bbox 770 2494 847 2556; x_wconf 88' lang='lat' dir='ltr'><strong>eccl.</strong></span> <span class='ocrx_word' id='word_1_196' title='bbox 872 2494 912 2556; x_wconf 93' lang='lat' dir='ltr'><strong>de</strong></span> <span class='ocrx_word' id='word_1_197' title='bbox 932 2495 1041 2557; x_wconf 86' lang='lat' dir='ltr'><strong>Werk.</strong></span> <span class='ocrx_word' id='word_1_198' title='bbox 1063 2516 1122 2578; x_wconf 92' lang='lat' dir='ltr'><strong>pro</strong></span> <span class='ocrx_word' id='word_1_199' title='bbox 1137 2496 1224 2560; x_wconf 89' lang='lat' dir='ltr'><strong>bono</strong></span> <span class='ocrx_word' id='word_1_200' title='bbox 1240 2500 1330 2580; x_wconf 89' lang='lat' dir='ltr'><strong>pacis</strong></span> <span class='ocrx_word' id='word_1_201' title='bbox 1342 2518 1390 2559; x_wconf 83' lang='lat' dir='ltr'><strong>sex</strong></span> 
     </span>
     <span class='ocr_line' id='line_1_25' title="bbox 243 2590 1391 2672; baseline 0.003 -19"><span class='ocrx_word' id='word_1_202' title='bbox 243 2613 340 2653; x_wconf 89' lang='lat' dir='ltr'><strong>marc.</strong></span> <span class='ocrx_word' id='word_1_203' title='bbox 357 2592 494 2672; x_wconf 87' lang='lat' dir='ltr'><strong>argenti,</strong></span> <span class='ocrx_word' id='word_1_204' title='bbox 513 2595 577 2652; x_wconf 89' lang='lat' dir='ltr'><strong>tres</strong></span> <span class='ocrx_word' id='word_1_205' title='bbox 596 2592 637 2652; x_wconf 90' lang='lat' dir='ltr'><strong>ad</strong></span> <span class='ocrx_word' id='word_1_206' title='bbox 658 2590 776 2652; x_wconf 82' lang='lat' dir='ltr'><strong>festum</strong></span> <span class='ocrx_word' id='word_1_207' title='bbox 803 2592 906 2653; x_wconf 87' lang='lat' dir='ltr'><strong>sancti</strong></span> <span class='ocrx_word' id='word_1_208' title='bbox 931 2591 1067 2654; x_wconf 87' lang='lat' dir='ltr'><strong>Martini</strong></span> <span class='ocrx_word' id='word_1_209' title='bbox 1090 2598 1126 2655; x_wconf 91' lang='lat' dir='ltr'><strong>et</strong></span> <span class='ocrx_word' id='word_1_210' title='bbox 1139 2596 1207 2655; x_wconf 87' lang='lat' dir='ltr'><strong>tres</strong></span> <span class='ocrx_word' id='word_1_211' title='bbox 1221 2594 1265 2657; x_wconf 87' lang='lat' dir='ltr'><strong>ad</strong></span> <span class='ocrx_word' id='word_1_212' title='bbox 1280 2594 1391 2657; x_wconf 87' lang='lat' dir='ltr'><strong>Pente·</strong></span> 
     </span>
     <span class='ocr_line' id='line_1_26' title="bbox 244 2687 1391 2774; baseline 0.004 -25"><span class='ocrx_word' id='word_1_213' title='bbox 244 2692 363 2764; x_wconf 84' lang='lat' dir='ltr'><strong>costen,</strong></span> <span class='ocrx_word' id='word_1_214' title='bbox 378 2689 424 2748; x_wconf 89' lang='lat' dir='ltr'><strong>eis</strong></span> <span class='ocrx_word' id='word_1_215' title='bbox 434 2688 530 2769; x_wconf 87' lang='lat' dir='ltr'><strong>juxta</strong></span> <span class='ocrx_word' id='word_1_216' title='bbox 546 2693 691 2750; x_wconf 88' lang='lat' dir='ltr'><strong>tenorem</strong></span> <span class='ocrx_word' id='word_1_217' title='bbox 713 2687 956 2769; x_wconf 86' lang='lat' dir='ltr'><strong>privilegiorum</strong></span> <span class='ocrx_word' id='word_1_218' title='bbox 972 2708 1102 2751; x_wconf 89' lang='lat' dir='ltr'><strong>suorum</strong></span> <span class='ocrx_word' id='word_1_219' title='bbox 1119 2689 1221 2752; x_wconf 91' lang='lat' dir='ltr'><strong>libere</strong></span> <span class='ocrx_word' id='word_1_220' title='bbox 1236 2696 1274 2754; x_wconf 88' lang='lat' dir='ltr'><strong>et</strong></span> <span class='ocrx_word' id='word_1_221' title='bbox 1288 2692 1391 2774; x_wconf 88' lang='lat' dir='ltr'><strong>quiete</strong></span> 
     </span>
     <span class='ocr_line' id='line_1_27' title="bbox 241 2783 1391 2865; baseline 0.006 -22"><span class='ocrx_word' id='word_1_222' title='bbox 241 2783 399 2864; x_wconf 89' lang='lat' dir='ltr'><strong>possidere</strong></span> <span class='ocrx_word' id='word_1_223' title='bbox 409 2785 677 2864; x_wconf 85' lang='lat' dir='ltr'><strong>permitteremus,</strong></span> <span class='ocrx_word' id='word_1_224' title='bbox 689 2788 723 2843; x_wconf 92' lang='lat' dir='ltr'><strong>et</strong></span> <span class='ocrx_word' id='word_1_225' title='bbox 734 2783 795 2864; x_wconf 88' lang='lat' dir='ltr'><strong>ipsi</strong></span> <span class='ocrx_word' id='word_1_226' title='bbox 805 2783 903 2865; x_wconf 71' lang='lat' dir='ltr'><strong>praed.</strong></span> <span class='ocrx_word' id='word_1_227' title='bbox 913 2804 968 2845; x_wconf 85' lang='lat' dir='ltr'><strong>sex</strong></span> <span class='ocrx_word' id='word_1_228' title='bbox 978 2805 1102 2847; x_wconf 88' lang='lat' dir='ltr'><strong>marcas</strong></span> <span class='ocrx_word' id='word_1_229' title='bbox 1117 2786 1212 2848; x_wconf 88' lang='lat' dir='ltr'><strong>uobis</strong></span> <span class='ocrx_word' id='word_1_230' title='bbox 1226 2793 1265 2850; x_wconf 85' lang='lat' dir='ltr'><strong>et</strong></span> <span class='ocrx_word' id='word_1_231' title='bbox 1275 2807 1391 2849; x_wconf 86' lang='lat' dir='ltr'><strong>succes-</strong></span> 
     </span>
     <span class='ocr_line' id='line_1_28' title="bbox 241 2879 1390 2961; baseline 0.003 -21"><span class='ocrx_word' id='word_1_232' title='bbox 241 2879 362 2940; x_wconf 79' lang='lat' dir='ltr'><strong>soribus</strong></span> <span class='ocrx_word' id='word_1_233' title='bbox 377 2880 492 2940; x_wconf 87' lang='lat' dir='ltr'><strong>nostris</strong></span> <span class='ocrx_word' id='word_1_234' title='bbox 518 2879 677 2941; x_wconf 84' lang='lat' dir='ltr'><strong>solverent</strong></span> <span class='ocrx_word' id='word_1_235' title='bbox 700 2880 939 2961; x_wconf 87' lang='lat' dir='ltr'><strong>imperpetuum</strong></span> <span class='ocrx_word' id='word_1_236' title='bbox 953 2880 994 2942; x_wconf 88' lang='lat' dir='ltr'><strong>ad</strong></span> <span class='ocrx_word' id='word_1_237' title='bbox 1010 2881 1164 2944; x_wconf 87' lang='lat' dir='ltr'><strong>terminos</strong></span> <span class='ocrx_word' id='word_1_238' title='bbox 1190 2886 1390 2946; x_wconf 86' lang='lat' dir='ltr'><strong>memoratos.</strong></span> 
     </span>
     <span class='ocr_line' id='line_1_29' title="bbox 240 2974 1391 3058; baseline 0.003 -22"><span class='ocrx_word' id='word_1_239' title='bbox 240 2975 307 3036; x_wconf 91' lang='lat' dir='ltr'><strong>Nos</strong></span> <span class='ocrx_word' id='word_1_240' title='bbox 323 2975 434 3055; x_wconf 83' lang='lat' dir='ltr'><strong>igitur,</strong></span> <span class='ocrx_word' id='word_1_241' title='bbox 449 2974 686 3036; x_wconf 85' lang='lat' dir='ltr'><strong>considerantes</strong></span> <span class='ocrx_word' id='word_1_242' title='bbox 704 2975 787 3037; x_wconf 88' lang='lat' dir='ltr'><strong>bona</strong></span> <span class='ocrx_word' id='word_1_243' title='bbox 802 2995 874 3056; x_wconf 85' lang='lat' dir='ltr'><strong>quae</strong></span> <span class='ocrx_word' id='word_1_244' title='bbox 883 2975 1007 3058; x_wconf 86' lang='lat' dir='ltr'><strong>jugiter</strong></span> <span class='ocrx_word' id='word_1_245' title='bbox 1022 2977 1056 3038; x_wconf 90' lang='lat' dir='ltr'><strong>in</strong></span> <span class='ocrx_word' id='word_1_246' title='bbox 1071 2978 1185 3040; x_wconf 90' lang='lat' dir='ltr'><strong>eodem</strong></span> <span class='ocrx_word' id='word_1_247' title='bbox 1201 2980 1315 3042; x_wconf 89' lang='lat' dir='ltr'><strong>ordine</strong></span> <span class='ocrx_word' id='word_1_248' title='bbox 1328 2979 1391 3041; x_wconf 90' lang='lat' dir='ltr'><strong>siut</strong></span> 
     </span>
     <span class='ocr_line' id='line_1_30' title="bbox 240 3071 1391 3158; baseline 0.005 -26"><span class='ocrx_word' id='word_1_249' title='bbox 240 3073 274 3133; x_wconf 93' lang='lat' dir='ltr'><strong>in</strong></span> <span class='ocrx_word' id='word_1_250' title='bbox 290 3071 489 3153; x_wconf 88' lang='lat' dir='ltr'><strong>suscepcione</strong></span> <span class='ocrx_word' id='word_1_251' title='bbox 506 3091 682 3153; x_wconf 87' lang='lat' dir='ltr'><strong>pauperum</strong></span> <span class='ocrx_word' id='word_1_252' title='bbox 705 3076 739 3133; x_wconf 86' lang='lat' dir='ltr'><strong>et</strong></span> <span class='ocrx_word' id='word_1_253' title='bbox 761 3072 1011 3154; x_wconf 87' lang='lat' dir='ltr'><strong>peregrinorum,</strong></span> <span class='ocrx_word' id='word_1_254' title='bbox 1026 3079 1060 3135; x_wconf 92' lang='lat' dir='ltr'><strong>et</strong></span> <span class='ocrx_word' id='word_1_255' title='bbox 1075 3073 1140 3135; x_wconf 89' lang='lat' dir='ltr'><strong>alia</strong></span> <span class='ocrx_word' id='word_1_256' title='bbox 1153 3075 1391 3158; x_wconf 84' lang='lat' dir='ltr'><strong>quamplurima</strong></span> 
     </span>
     <span class='ocr_line' id='line_1_31' title="bbox 240 3166 1392 3255; baseline 0.005 -27"><span class='ocrx_word' id='word_1_257' title='bbox 240 3168 372 3248; x_wconf 89' lang='lat' dir='ltr'><strong>pietatis</strong></span> <span class='ocrx_word' id='word_1_258' title='bbox 387 3166 501 3243; x_wconf 88' lang='lat' dir='ltr'><strong>officia,</strong></span> <span class='ocrx_word' id='word_1_259' title='bbox 516 3172 550 3227; x_wconf 89' lang='lat' dir='ltr'><strong>ct</strong></span> <span class='ocrx_word' id='word_1_260' title='bbox 566 3173 676 3228; x_wconf 89' lang='lat' dir='ltr'><strong>tenore</strong></span> <span class='ocrx_word' id='word_1_261' title='bbox 692 3166 930 3249; x_wconf 84' lang='lat' dir='ltr'><strong>privilegiorum</strong></span> <span class='ocrx_word' id='word_1_262' title='bbox 942 3166 1277 3253; x_wconf 67' lang='grc'><strong>(1191111111111111</strong></span> <span class='ocrx_word' id='word_1_263' title='bbox 1288 3172 1392 3255; x_wconf 88' lang='lat' dir='ltr'><strong>ponti·</strong></span> 
     </span>
     <span class='ocr_line' id='line_1_32' title="bbox 241 3262 1391 3349; baseline 0.003 -24"><span class='ocrx_word' id='word_1_264' title='bbox 241 3263 338 3325; x_wconf 90' lang='lat' dir='ltr'><strong>ficum</strong></span> <span class='ocrx_word' id='word_1_265' title='bbox 355 3263 471 3344; x_wconf 88' lang='lat' dir='ltr'><strong>quibus</strong></span> <span class='ocrx_word' id='word_1_266' title='bbox 494 3262 580 3324; x_wconf 89' lang='lat' dir='ltr'><strong>idem</strong></span> <span class='ocrx_word' id='word_1_267' title='bbox 603 3263 680 3324; x_wconf 92' lang='lat' dir='ltr'><strong>ordo</strong></span> <span class='ocrx_word' id='word_1_268' title='bbox 702 3262 885 3344; x_wconf 87' lang='lat' dir='ltr'><strong>specialiter</strong></span> <span class='ocrx_word' id='word_1_269' title='bbox 906 3266 1135 3343; x_wconf 86' lang='lat' dir='ltr'><strong>communitur,</strong></span> <span class='ocrx_word' id='word_1_270' title='bbox 1155 3267 1256 3349; x_wconf 79' lang='lat' dir='ltr'><strong>praed.</strong></span> <span class='ocrx_word' id='word_1_271' title='bbox 1272 3267 1345 3330; x_wconf 88' lang='lat' dir='ltr'><strong>abb.</strong></span> <span class='ocrx_word' id='word_1_272' title='bbox 1359 3273 1391 3330; x_wconf 87' lang='lat' dir='ltr'><strong>et</strong></span> 
     </span>
     <span class='ocr_line' id='line_1_33' title="bbox 241 3359 1391 3447; baseline 0.003 -27"><span class='ocrx_word' id='word_1_273' title='bbox 241 3359 417 3435; x_wconf 91' lang='lat' dir='ltr'><strong>monachis,</strong></span> <span class='ocrx_word' id='word_1_274' title='bbox 431 3359 635 3420; x_wconf 88' lang='lat' dir='ltr'><strong>concedimus</strong></span> <span class='ocrx_word' id='word_1_275' title='bbox 647 3378 704 3439; x_wconf 93' lang='lat' dir='ltr'><strong>pro</strong></span> <span class='ocrx_word' id='word_1_276' title='bbox 713 3359 803 3421; x_wconf 87' lang='lat' dir='ltr'><strong>nobis</strong></span> <span class='ocrx_word' id='word_1_277' title='bbox 819 3363 854 3421; x_wconf 90' lang='lat' dir='ltr'><strong>et</strong></span> <span class='ocrx_word' id='word_1_278' title='bbox 868 3361 1097 3424; x_wconf 90' lang='lat' dir='ltr'><strong>successoribus</strong></span> <span class='ocrx_word' id='word_1_279' title='bbox 1111 3363 1232 3425; x_wconf 88' lang='lat' dir='ltr'><strong>nostris</strong></span> <span class='ocrx_word' id='word_1_280' title='bbox 1243 3368 1283 3427; x_wconf 89' lang='lat' dir='ltr'><strong>ut</strong></span> <span class='ocrx_word' id='word_1_281' title='bbox 1293 3364 1391 3447; x_wconf 87' lang='lat' dir='ltr'><strong>quieti</strong></span> 
     </span>
     <span class='ocr_line' id='line_1_34' title="bbox 240 3454 1393 3541; baseline 0.004 -24"><span class='ocrx_word' id='word_1_282' title='bbox 240 3456 306 3518; x_wconf 89' lang='lat' dir='ltr'><strong>sint</strong></span> <span class='ocrx_word' id='word_1_283' title='bbox 321 3475 340 3516; x_wconf 89' lang='lat' dir='ltr'><strong>a</strong></span> <span class='ocrx_word' id='word_1_284' title='bbox 355 3454 561 3537; x_wconf 82' lang='lat' dir='ltr'><strong>praestacione</strong></span> <span class='ocrx_word' id='word_1_285' title='bbox 576 3454 773 3515; x_wconf 83' lang='lat' dir='ltr'><strong>decimarum</strong></span> <span class='ocrx_word' id='word_1_286' title='bbox 788 3454 884 3517; x_wconf 74' lang='lat' dir='ltr'><strong>dicta</strong></span> <span class='ocrx_word' id='word_1_287' title='bbox 899 3457 1040 3538; x_wconf 82' lang='lat' dir='ltr'><strong>grangiae</strong></span> <span class='ocrx_word' id='word_1_288' title='bbox 1063 3457 1320 3541; x_wconf 89' lang='lat' dir='ltr'><strong>imperpetuum,</strong></span> <span class='ocrx_word' id='word_1_289' title='bbox 1334 3460 1393 3521; x_wconf 89' lang='lat' dir='ltr'><strong>sol·</strong></span> 
     </span>
     <span class='ocr_line' id='line_1_35' title="bbox 241 3549 1392 3638; baseline 0.005 -25"><span class='ocrx_word' id='word_1_290' title='bbox 241 3552 344 3613; x_wconf 92' lang='lat' dir='ltr'><strong>vendo</strong></span> <span class='ocrx_word' id='word_1_291' title='bbox 360 3550 451 3611; x_wconf 90' lang='lat' dir='ltr'><strong>nobis</strong></span> <span class='ocrx_word' id='word_1_292' title='bbox 466 3555 499 3610; x_wconf 89' lang='lat' dir='ltr'><strong>et</strong></span> <span class='ocrx_word' id='word_1_293' title='bbox 515 3549 744 3610; x_wconf 89' lang='lat' dir='ltr'><strong>successoribus</strong></span> <span class='ocrx_word' id='word_1_294' title='bbox 770 3551 887 3612; x_wconf 87' lang='lat' dir='ltr'><strong>nostris</strong></span> <span class='ocrx_word' id='word_1_295' title='bbox 910 3553 1079 3614; x_wconf 87' lang='lat' dir='ltr'><strong>annuatim</strong></span> <span class='ocrx_word' id='word_1_296' title='bbox 1106 3574 1161 3615; x_wconf 86' lang='lat' dir='ltr'><strong>sex</strong></span> <span class='ocrx_word' id='word_1_297' title='bbox 1176 3574 1302 3617; x_wconf 85' lang='lat' dir='ltr'><strong>marcas</strong></span> <span class='ocrx_word' id='word_1_298' title='bbox 1317 3576 1392 3638; x_wconf 84' lang='lat' dir='ltr'><strong>prae·</strong></span> 
     </span>
     <span class='ocr_line' id='line_1_36' title="bbox 241 3644 1392 3735; baseline 0.004 -27"><span class='ocrx_word' id='word_1_299' title='bbox 241 3647 354 3709; x_wconf 87' lang='lat' dir='ltr'><strong>dictas.</strong></span> <span class='ocrx_word' id='word_1_300' title='bbox 399 3645 444 3706; x_wconf 91' lang='lat' dir='ltr'><strong>Et</strong></span> <span class='ocrx_word' id='word_1_301' title='bbox 467 3645 503 3706; x_wconf 92' lang='lat' dir='ltr'><strong>in</strong></span> <span class='ocrx_word' id='word_1_302' title='bbox 527 3644 622 3727; x_wconf 89' lang='lat' dir='ltr'><strong>hujus</strong></span> <span class='ocrx_word' id='word_1_303' title='bbox 649 3646 696 3706; x_wconf 91' lang='lat' dir='ltr'><strong>rei</strong></span> <span class='ocrx_word' id='word_1_304' title='bbox 726 3650 914 3727; x_wconf 88' lang='lat' dir='ltr'><strong>perpetuam</strong></span> <span class='ocrx_word' id='word_1_305' title='bbox 945 3648 1228 3713; x_wconf 87' lang='lat' dir='ltr'><strong>confirmacionem</strong></span> <span class='ocrx_word' id='word_1_306' title='bbox 1258 3672 1392 3735; x_wconf 80' lang='lat' dir='ltr'><strong>praeseas</strong></span> 
     </span>
    </p>
   </div>
   <div class='ocr_carea' id='block_1_4' title="bbox 241 3740 1391 3901">
    <p class='ocr_par' dir='ltr' id='par_1_4' title="bbox 241 3740 1391 3901">
     <span class='ocr_line' id='line_1_37' title="bbox 241 3740 1391 3824; baseline 0.007 -20"><span class='ocrx_word' id='word_1_307' title='bbox 241 3744 397 3824; x_wconf 86' lang='lat' dir='ltr'><strong>scriptmn</strong></span> <span class='ocrx_word' id='word_1_308' title='bbox 428 3743 476 3802; x_wconf 88' lang='lat' dir='ltr'><strong>eis</strong></span> <span class='ocrx_word' id='word_1_309' title='bbox 504 3740 685 3819; x_wconf 88' lang='lat' dir='ltr'><strong>attulimus,</strong></span> <span class='ocrx_word' id='word_1_310' title='bbox 715 3741 815 3824; x_wconf 85' lang='lat' dir='ltr'><strong>sigilli</strong></span> <span class='ocrx_word' id='word_1_311' title='bbox 849 3745 950 3805; x_wconf 89' lang='lat' dir='ltr'><strong>nostri</strong></span> <span class='ocrx_word' id='word_1_312' title='bbox 985 3746 1166 3808; x_wconf 89' lang='lat' dir='ltr'><strong>munimine</strong></span> <span class='ocrx_word' id='word_1_313' title='bbox 1197 3746 1391 3811; x_wconf 82' lang='lat' dir='ltr'><strong>roboratum.</strong></span> 
     </span>
     <span class='ocr_line' id='line_1_38' title="bbox 242 3837 477 3901; baseline -0.013 0"><span class='ocrx_word' id='word_1_314' title='bbox 242 3838 318 3901; x_wconf 90' lang='lat' dir='ltr'><strong>Hiis</strong></span> <span class='ocrx_word' id='word_1_315' title='bbox 332 3837 477 3901; x_wconf 88' lang='lat' dir='ltr'><strong>testibus.</strong></span> 
     </span>
    </p>
   </div>
   <div class='ocr_carea' id='block_1_5' title="bbox 311 4029 1393 4110">
    <p class='ocr_par' dir='ltr' id='par_1_5' title="bbox 311 4029 1393 4110">
     <span class='ocr_line' id='line_1_39' title="bbox 311 4029 1393 4110; baseline 0.007 -18"><span class='ocrx_word' id='word_1_316' title='bbox 311 4030 485 4107; x_wconf 87' lang='lat' dir='ltr'><strong>Universis,</strong></span> <span class='ocrx_word' id='word_1_317' title='bbox 500 4034 562 4093; x_wconf 87' lang='lat' dir='ltr'><strong>etc.</strong></span> <span class='ocrx_word' id='word_1_318' title='bbox 578 4029 833 4093; x_wconf 87' lang='lat' dir='ltr'><strong>Bartholomaeus</strong></span> <span class='ocrx_word' id='word_1_319' title='bbox 856 4030 959 4110; x_wconf 91' lang='lat' dir='ltr'><strong>Prior,</strong></span> <span class='ocrx_word' id='word_1_320' title='bbox 978 4038 1013 4095; x_wconf 88' lang='lat' dir='ltr'><strong>et</strong></span> <span class='ocrx_word' id='word_1_321' title='bbox 1027 4040 1202 4099; x_wconf 91' lang='lat' dir='ltr'><strong>conventus</strong></span> <span class='ocrx_word' id='word_1_322' title='bbox 1226 4036 1393 4099; x_wconf 88' lang='lat' dir='ltr'><strong>canonico·</strong></span> 
     </span>
    </p>
   </div>
   <div class='ocr_carea' id='block_1_6' title="bbox 69 4126 1392 4205">
    <p class='ocr_par' dir='ltr' id='par_1_6' title="bbox 69 4126 1392 4205">
     <span class='ocr_line' id='line_1_40' title="bbox 69 4126 1392 4205; baseline 0.004 -14"><span class='ocrx_word' id='word_1_323' title='bbox 69 4150 119 4203; x_wconf 71' lang='lat' dir='ltr'><strong>uon</strong></span> <span class='ocrx_word' id='word_1_324' title='bbox 128 4152 208 4203; x_wconf 76' lang='lat' dir='ltr'><strong>ottho</strong></span> <span class='ocrx_word' id='word_1_325' title='bbox 243 4148 316 4190; x_wconf 93' lang='lat' dir='ltr'><strong>rum</strong></span> <span class='ocrx_word' id='word_1_326' title='bbox 341 4128 551 4190; x_wconf 90' lang='lat' dir='ltr'><strong>Karliolensis</strong></span> <span class='ocrx_word' id='word_1_327' title='bbox 575 4126 728 4205; x_wconf 88' lang='lat' dir='ltr'><strong>ecclesiae,</strong></span> <span class='ocrx_word' id='word_1_328' title='bbox 754 4128 891 4192; x_wconf 88' lang='lat' dir='ltr'><strong>salutem</strong></span> <span class='ocrx_word' id='word_1_329' title='bbox 920 4131 955 4192; x_wconf 92' lang='lat' dir='ltr'><strong>in</strong></span> <span class='ocrx_word' id='word_1_330' title='bbox 986 4131 1135 4196; x_wconf 92' lang='lat' dir='ltr'><strong>Domino.</strong></span> <span class='ocrx_word' id='word_1_331' title='bbox 1182 4133 1392 4198; x_wconf 89' lang='lat' dir='ltr'><strong>Universitati</strong></span> 
     </span>
    </p>
   </div>
   <div class='ocr_carea' id='block_1_7' title="bbox 69 4218 198 4401">
    <p class='ocr_par' dir='ltr' id='par_1_7' title="bbox 69 4218 198 4401">
     <span class='ocr_line' id='line_1_41' title="bbox 69 4218 198 4282; baseline 0 -14"><span class='ocrx_word' id='word_1_332' title='bbox 69 4218 152 4277; x_wconf 72' lang='grc'><strong>111111,</strong></span> <span class='ocrx_word' id='word_1_333' title='bbox 163 4218 198 4282; x_wconf 79' lang='lat' dir='ltr'><strong>by</strong></span> 
     </span>
     <span class='ocr_line' id='line_1_42' title="bbox 69 4284 190 4351; baseline -0.017 -16"><span class='ocrx_word' id='word_1_334' title='bbox 69 4284 110 4335; x_wconf 78' lang='lat' dir='ltr'><strong>tiro</strong></span> <span class='ocrx_word' id='word_1_335' title='bbox 120 4284 190 4351; x_wconf 83' lang='lat' dir='ltr'><strong>prior</strong></span> 
     </span>
     <span class='ocr_line' id='line_1_43' title="bbox 69 4350 184 4401; baseline 0.009 -2"><span class='ocrx_word' id='word_1_336' title='bbox 69 4350 115 4399; x_wconf 81' lang='lat' dir='ltr'><strong>rad</strong></span> <span class='ocrx_word' id='word_1_337' title='bbox 125 4364 184 4401; x_wconf 87' lang='lat' dir='ltr'><strong>cou-</strong></span> 
     </span>
    </p>
   </div>
   <div class='ocr_carea' id='block_1_8' title="bbox 69 4416 163 4481">
    <p class='ocr_par' dir='ltr' id='par_1_8' title="bbox 69 4416 163 4481">
     <span class='ocr_line' id='line_1_44' title="bbox 69 4416 163 4481; baseline 0.011 -15"><span class='ocrx_word' id='word_1_338' title='bbox 69 4416 163 4481; x_wconf 64' lang='lat' dir='ltr'><strong>furor</strong></span> 
     </span>
    </p>
   </div>
   <div class='ocr_carea' id='block_1_9' title="bbox 244 4224 1393 4309">
    <p class='ocr_par' dir='ltr' id='par_1_9' title="bbox 244 4224 1393 4309">
     <span class='ocr_line' id='line_1_45' title="bbox 244 4224 1393 4309; baseline 0.007 -24"><span class='ocrx_word' id='word_1_339' title='bbox 244 4229 356 4287; x_wconf 67' lang='lat' dir='ltr'><strong>vestrae</strong></span> <span class='ocrx_word' id='word_1_340' title='bbox 379 4229 493 4286; x_wconf 89' lang='lat' dir='ltr'><strong>notum</strong></span> <span class='ocrx_word' id='word_1_341' title='bbox 517 4224 653 4286; x_wconf 87' lang='lat' dir='ltr'><strong>facimus</strong></span> <span class='ocrx_word' id='word_1_342' title='bbox 675 4244 731 4285; x_wconf 91' lang='lat' dir='ltr'><strong>nos</strong></span> <span class='ocrx_word' id='word_1_343' title='bbox 753 4230 858 4287; x_wconf 87' lang='lat' dir='ltr'><strong>ratam</strong></span> <span class='ocrx_word' id='word_1_344' title='bbox 882 4232 916 4287; x_wconf 89' lang='lat' dir='ltr'><strong>et</strong></span> <span class='ocrx_word' id='word_1_345' title='bbox 938 4233 1064 4309; x_wconf 85' lang='lat' dir='ltr'><strong>gratam</strong></span> <span class='ocrx_word' id='word_1_346' title='bbox 1089 4228 1205 4292; x_wconf 86' lang='lat' dir='ltr'><strong>habere</strong></span> <span class='ocrx_word' id='word_1_347' title='bbox 1232 4251 1272 4292; x_wconf 86' lang='lat' dir='ltr'><strong>ex</strong></span> <span class='ocrx_word' id='word_1_348' title='bbox 1286 4236 1393 4293; x_wconf 88' lang='lat' dir='ltr'><strong>nostra</strong></span> 
     </span>
    </p>
   </div>
   <div class='ocr_carea' id='block_1_10' title="bbox 243 4352 1396 4499">
    <p class='ocr_par' dir='ltr' id='par_1_10' title="bbox 243 4352 1396 4499">
     <span class='ocr_line' id='line_1_46' title="bbox 297 4352 1396 4432; baseline 0.005 -26"><span class='ocrx_word' id='word_1_349' title='bbox 297 4354 306 4387; x_wconf 85' lang='lat'><strong>¹</strong></span> <span class='ocrx_word' id='word_1_350' title='bbox 326 4352 451 4407; x_wconf 82' lang='lat' dir='ltr'><strong>Randull</strong></span> <span class='ocrx_word' id='word_1_351' title='bbox 467 4353 567 4421; x_wconf 77' lang='lat' dir='ltr'><strong>Musca,</strong></span> <span class='ocrx_word' id='word_1_352' title='bbox 579 4353 626 4407; x_wconf 84' lang='lat' dir='ltr'><strong>the</strong></span> <span class='ocrx_word' id='word_1_353' title='bbox 647 4352 751 4409; x_wconf 75' lang='lat' dir='ltr'><strong>famous</strong></span> <span class='ocrx_word' id='word_1_354' title='bbox 770 4355 859 4426; x_wconf 83' lang='lat' dir='ltr'><strong>legate</strong></span> <span class='ocrx_word' id='word_1_355' title='bbox 879 4354 910 4409; x_wconf 83' lang='lat' dir='ltr'><strong>oi</strong></span> <span class='ocrx_word' id='word_1_356' title='bbox 929 4355 1001 4428; x_wconf 90' lang='lat' dir='ltr'><strong>Pope</strong></span> <span class='ocrx_word' id='word_1_357' title='bbox 1023 4356 1154 4412; x_wconf 88' lang='lat' dir='ltr'><strong>Innooeut</strong></span> <span class='ocrx_word' id='word_1_358' title='bbox 1165 4358 1241 4427; x_wconf 83' lang='lat'>111.;</span> <span class='ocrx_word' id='word_1_359' title='bbox 1259 4358 1396 4432; x_wconf 81' lang='lat' dir='ltr'><strong>bisbopoi</strong></span> 
     </span>
     <span class='ocr_line' id='line_1_47' title="bbox 243 4429 631 4499; baseline 0.008 -17"><span class='ocrx_word' id='word_1_360' title='bbox 243 4429 381 4499; x_wconf 85' lang='lat' dir='ltr'><strong>Norwich,</strong></span> <span class='ocrx_word' id='word_1_361' title='bbox 394 4446 449 4487; x_wconf 70' lang='lat' dir='ltr'><strong>aa.</strong></span> <span class='ocrx_word' id='word_1_362' title='bbox 463 4432 631 4486; x_wconf 70' lang='lat' dir='ltr'><strong>lara-lara.</strong></span> 
     </span>
    </p>
   </div>
   <div class='ocr_carea' id='block_1_11' title="bbox 0 0 1494 5048">
    <p class='ocr_par' dir='ltr' id='par_1_11' title="bbox 0 0 1494 5048">
     <span class='ocr_line' id='line_1_48' title="bbox 0 0 1494 5048; baseline 0 0"><span class='ocrx_word' id='word_1_363' title='bbox 0 0 1494 5048; x_wconf 95' lang='lat' dir='ltr'><strong> </strong></span> 
     </span>
    </p>
   </div>
  </div>
 </body>
</html>
