2940 5048
437 357 483 409 DE
507 358 601 411 NOVO
627 359 861 413 Monesnnfflo,

47 522 179 581 terram
194 520 269 582 sine
279 521 352 584 ullo
362 528 582 586 retenemento
593 524 679 586 infra
688 524 882 607 subscriptas
894 526 1012 588 divisas
1022 532 1220 605 contentam,

53 620 195 698 scilicet,
207 642 230 683 a
241 622 337 683 fonte
347 621 459 683 subtus
469 621 698 685 Brotherlnwes
710 642 766 704 per
777 622 918 685 siketum
931 644 1037 686 versus
1049 626 1218 705 orientem,

55 740 160 803 usque
183 721 228 783 ad
251 728 435 783 extremam
451 720 658 783 collecionem
681 742 773 803 aquae
794 722 939 803 ejusdem
955 723 1064 803 siketi,
1084 731 1119 787 et
1141 727 1218 788 inde

59 836 169 878 versus
184 822 336 879 anstrum
350 837 390 878 ex
404 817 552 879 orientali
569 823 661 899 parte
682 817 734 878 del
749 818 988 897 Witechestres,
1004 822 1097 883 etsie
1113 842 1220 883 versus

61 912 93 975 le
107 918 214 975 su-est
237 932 340 995 usque
361 913 404 975 nd
425 932 574 974 acervum
595 911 741 995 lapidum
764 915 820 996 qui
837 921 969 977 vocatur
993 917 1217 996 Hnmskeslau,

65 1014 100 1070 et
114 1007 193 1071 inde
208 1028 311 1090 usque
324 1008 367 1070 ab
384 1007 543 1070 Kotesflnt
559 1013 592 1070 et
608 1029 665 1090 per
679 1007 710 1070 le
726 1008 879 1071 Cotesflat
895 1031 1001 1073 versus
1017 1014 1217 1077 occidentem

65 1125 166 1189 usque
191 1106 234 1167 nd
261 1105 411 1180 Morilau,
427 1112 461 1167 et
487 1106 531 1167 sic
556 1125 594 1166 ex
620 1105 753 1167 australi
779 1113 870 1188 perte
889 1107 942 1169 del
962 1108 1069 1172 buttes
1087 1131 1158 1192 quae
1184 1131 1217 1174 se

66 1202 251 1265 extendunt
276 1221 372 1283 super
392 1200 424 1263 le
438 1200 585 1263 Morilaw
602 1222 709 1263 versus
732 1203 932 1264 occidentem
952 1225 1051 1286 usqne
1073 1207 1114 1268 ad
1133 1208 1217 1269 occi-

66 1298 198 1361 dentale
220 1299 325 1380 capud
347 1297 400 1360 del
422 1297 541 1373 buttes,
558 1303 591 1359 et
614 1297 689 1359 inde
713 1318 819 1359 versus
840 1304 1030 1362 north-west
1053 1322 1152 1384 usque
1175 1303 1216 1365 ed

66 1392 210 1457 silletum
225 1393 266 1456 de
287 1391 431 1474 Heywel,
444 1399 479 1455 et
499 1412 557 1474 per
578 1392 721 1455 siketum
745 1414 844 1475 usque
865 1394 906 1455 ad
934 1395 1098 1475 Heiwelle‚
1114 1405 1148 1460 et
1170 1399 1215 1460 sic

65 1490 269 1553 ascendendo
284 1509 341 1571 per
355 1486 540 1550 Heiwelfint
554 1508 654 1570 usque
669 1489 711 1551 sd
726 1495 846 1550 terram
869 1490 1005 1552 Henrici
1021 1492 1061 1553 de
1076 1492 1215 1570 Rodum,

66 1592 100 1649 et
114 1588 160 1648 sic
176 1606 235 1669 per
247 1592 369 1647 terram
389 1585 470 1647 dicti
489 1582 626 1646 Henrici
641 1605 748 1647 versus
769 1585 800 1647 le
823 1586 919 1647 north
945 1606 1045 1668 usque
1070 1589 1111 1649 ad
1134 1610 1215 1671 prae·

66 1682 192 1745 dictum
216 1682 342 1744 fontem
364 1681 478 1743 subtus
503 1679 725 1742 Brotherlnws.
771 1681 850 1743 Ten.
874 1690 909 1743 et
923 1682 998 1744 hab.
1014 1686 1110 1765 praed.
1128 1706 1214 1748 mon.

65 1799 142 1841 cum
164 1798 251 1843 omn.
271 1777 330 1840 lib.
345 1782 378 1839 et
393 1778 504 1839 asiam.
521 1777 562 1838 ad
580 1783 707 1839 tantam
730 1782 850 1838 terram
870 1779 903 1839 in
925 1778 1036 1841 eadem
1052 1780 1129 1842 villa
1144 1802 1216 1863 per·

65 1874 244 1937 tinentibus
266 1874 349 1935 infra
371 1873 482 1935 villam
505 1879 538 1934 et
553 1879 653 1949 extra,
674 1874 755 1934 adeo
782 1874 891 1935 libet
916 1876 984 1955 qui.
1002 1875 1042 1936 nb
1068 1878 1215 1939 omnibus

65 1972 208 2033 serviciis
229 1976 263 2032 et
287 1970 330 2033 ab
352 1990 438 2032 omn.
455 1970 549 2031 rebus
572 1989 643 2050 quae
662 1969 704 2031 ab
726 1970 833 2051 aliqua
857 1976 943 2032 terra
962 1973 1048 2052 exigi
1071 1979 1215 2054 possimt,

65 2068 157 2131 sicud
170 2067 280 2150 eliqua
294 2066 335 2131 el.
351 2066 484 2129 liberius
503 2065 574 2127 dari
594 2070 701 2148 potest
717 2066 768 2128 vel
788 2066 953 2148 possideri.
1001 2068 1045 2128 Et
1060 2089 1120 2151 ego
1134 2069 1164 2132 J.
1181 2076 1216 2131 et

66 2162 132 2226 her.
148 2184 192 2225 ιιι.
207 2184 282 2227 war.
298 2163 395 2245 praed.
411 2167 618 2226 mon-totam
632 2162 730 2244 praed.
746 2166 864 2224 terram
886 2182 960 2224 cum
976 2164 1093 2245 pertin.
1106 2172 1215 2227 contra

66 2286 187 2343 omnes,
201 2270 265 2328 etc.

130 2458 257 2534 Sciant,
272 2462 335 2521 etc.
351 2458 435 2540 quod
458 2478 520 2540 ego
541 2457 706 2519 Jobannes
729 2456 814 2519 filius
839 2458 996 2520 Johannis
1018 2460 1057 2521 de
1078 2460 1212 2524 Kestern
1300 2469 1327 2509 ¹·

64 2574 122 2637 pro
137 2554 194 2617 sal.
204 2574 258 2617 an.
269 2574 313 2616 m.
329 2558 364 2616 et
373 2573 460 2615 omn.
475 2558 577 2615 anteo.
595 2558 629 2614 et
645 2553 814 2616 heredibus
830 2556 909 2615 meis
925 2555 1009 2631 dedi,
1025 2560 1164 2619 concessi
1181 2565 1214 2622 et
1238 2525 1366 2642 333?an

64 2650 216 2733 presenti
239 2654 331 2713 carte
344 2670 416 2711 men
431 2650 519 2711 confi·
531 2649 600 2711 Deo
625 2656 658 2710 et
674 2649 711 2710 B.
729 2650 776 2711 M.
793 2656 828 2712 et
852 2671 937 2712 mon.
955 2652 1038 2713 Novi
1054 2654 1143 2717 Mon.
1160 2677 1213 2718 sex
1238 2659 1266 2707 of
1275 2608 1390 2708 Johdnde

64 2766 153 2809 acres
169 2752 266 2809 terrae
288 2766 362 2807 cum
384 2746 590 2828 pertinenciis
615 2746 650 2806 in
674 2744 821 2823 liberem,
837 2767 948 2829 puram
966 2753 1000 2809 et
1025 2757 1213 2832 perpetuam
1238 2724 1394 2840 Koounos

65 2841 287 2918 elemosinam,
299 2840 527 2920 illns,scilicet,
538 2862 591 2902 sex
607 2861 694 2902 acras
709 2842 743 2903 in
753 2863 867 2929 csmpo
882 2844 922 2904 de
937 2842 1085 2921 Kestern‚
1098 2868 1169 2928 quae
1181 2870 1213 2911 se

65 2938 247 3001 extendunt
261 2937 302 3000 de
317 2936 528 2999 Hauekeslaw
543 2957 650 2998 versus
666 2938 856 3000 north-west
872 2960 971 3021 usque
986 2941 1027 3002 ad
1040 2941 1069 3003 lo
1080 2943 1213 3006 Serwur.

65 3032 144 3098 Ten.
155 3040 193 3096 et
206 3033 283 3095 hob.
294 3032 391 3115 prsed.
408 3051 495 3094 mon.
505 3032 585 3095 adeo
600 3032 658 3094 lib.
675 3038 708 3093 et
724 3034 791 3114 qui.
804 3034 900 3116 (osa)
914 3035 955 3095 ab
971 3038 1118 3099 omnibus
1133 3060 1213 3102 serv.

65 3128 362 3205 conmetudinibus,
377 3133 411 3190 et
426 3128 574 3192 demand.
591 3128 681 3189 sicud
696 3128 804 3210 aliqua
820 3129 859 3191 el.
877 3130 1009 3191 liberius
1025 3140 1131 3213 potest
1146 3135 1214 3197 dori

65 3225 115 3287 vel
128 3225 298 3309 possideri.
342 3224 387 3287 Et
410 3225 485 3306 quia
507 3224 661 3306 praedicta
685 3230 770 3286 terra
793 3227 937 3306 proxima
961 3226 1025 3287 fuit
1051 3232 1214 3291 communi

64 3326 216 3403 pasturus,
239 3320 316 3383 dedi
342 3321 504 3402 praedictis
534 3320 698 3381 monachis
729 3320 899 3381 licenciam
929 3320 1093 3384 includere
1122 3324 1215 3386 illam

66 3436 155 3479 muro
171 3416 224 3479 vel
247 3417 365 3479 fossato
386 3416 428 3478 ad
449 3416 587 3478 arcendo
610 3437 725 3499 pecora
755 3417 795 3477 de
819 3417 912 3478 blado
929 3438 996 3493 suo,
1020 3425 1054 3479 et
1076 3424 1215 3483 concessi

66 3514 110 3575 eis
131 3533 192 3596 pro
219 3532 273 3575 me
295 3518 329 3574 et
352 3511 521 3574 heredibus
544 3512 623 3572 meis
646 3518 684 3573 ut
698 3512 862 3592 incipiant
884 3512 1039 3574 fossatum
1055 3535 1148 3577 suum
1163 3518 1216 3579 vel

67 3628 194 3671 murum
217 3626 237 3669 a
263 3606 352 3669 fonte
387 3606 500 3668 subtus
532 3606 754 3668 Brotbirlswes
781 3628 819 3669 ex
846 3615 939 3689 parte
963 3610 1094 3671 australi
1118 3612 1214 3674 rivuli

66 3722 165 3786 usque
174 3703 217 3766 nd
228 3702 334 3785 capud
343 3702 499 3764 orientale
510 3702 647 3765 culturae
658 3722 730 3782 quae
739 3709 870 3765 vocatur
879 3704 971 3787 Leys,
982 3713 1016 3767 et
1026 3707 1100 3769 inde
1108 3729 1214 3770 versus

66 3806 211 3861 anstrum
228 3798 384 3880 usquead
399 3798 429 3859 le
445 3796 608 3872 Ostendat,
624 3803 659 3858 et
674 3800 719 3859 sic
731 3797 826 3879 juxte
843 3799 873 3861 le
889 3800 1043 3863 Cotesflat
1060 3805 1213 3884 usquead

66 3894 238 3957 australem
253 3900 380 3977 partem
402 3893 545 3976 ejusdem
565 3893 709 3957 culturae.
757 3895 802 3957 Et
822 3916 881 3977 ego
896 3897 928 3958 J.
946 3904 980 3958 et
996 3898 1062 3960 her.
1080 3920 1123 3960 m.
1140 3920 1212 3961 war.

68 3991 162 4071 pred.
178 4010 266 4052 mon.
281 3989 379 4072 praed.
395 3996 514 4052 terram
529 4010 604 4051 cum
619 3991 738 4071 pertin.
756 3997 868 4053 contra
883 4013 1003 4069 omnes,
1019 4000 1081 4056 etc.

131 4180 300 4258 Omnibus,
315 4187 378 4243 etc.
424 4180 588 4244 lohannes
611 4181 696 4242 filius
719 4181 877 4243 Johannis
900 4183 939 4245 de
964 4184 1111 4262 Kestern,
1127 4188 1212 4249 salu·
1293 4201 1332 4267 xj·

67 4284 143 4340 tem.
187 4277 268 4340 Nov.
284 4298 337 4339 me
351 4278 423 4340 ded.
439 4297 529 4338 conc.
545 4282 579 4339 et
595 4277 627 4338 h.
644 4299 675 4359 p.
692 4299 719 4340 c.
730 4299 772 4338 m.
792 4279 875 4339 conf.
887 4279 955 4340 Deo
971 4286 1005 4341 et
1022 4280 1058 4342 B.
1070 4282 1116 4344 M.
1129 4284 1209 4346 Abb.
1236 4266 1352 4384 3¹¹⁰&ss

68 4376 100 4434 et
120 4391 208 4435 mon.
223 4372 308 4434 Novi
323 4372 414 4435 Mon.
430 4380 464 4435 et
479 4393 590 4435 eorum
604 4373 841 4448 successoribus,
857 4374 890 4434 in
907 4373 962 4437 lib.
988 4396 1057 4458 pur.
1074 4383 1109 4439 et
1124 4399 1211 4463 perp.
1236 4342 1337 4449 llll-³23

69 4466 107 4529 el.
123 4466 293 4531 dimidiam
308 4487 416 4531 soram
430 4472 523 4531 terrae
549 4468 584 4529 in
612 4469 772 4531 territorio
797 4469 884 4532 villae
899 4471 939 4532 de
970 4471 1107 4536 Kestem
1139 4497 1212 4539 cum
1237 4480 1302 4518 ⁰⁰²⁰·

627 4575 654 4624 Κ
