2940 5048
418 347 466 401 DE
491 348 586 402 NOVO
612 347 847 404 monosticum.

48 517 213 605 potestate
236 523 344 582 nostra
365 519 407 582 sd
429 519 617 582 intrandum
632 521 673 583 de
692 520 776 582 etin
799 520 949 583 omnibus
970 520 1036 583 illis
1051 519 1145 583 terris
1167 522 1203 581 et

49 624 175 682 lenem.
195 616 312 679 nostris
334 617 370 678 in
385 615 462 679 villn
483 622 518 680 et
532 617 704 680 territoriis
724 617 765 679 de
780 617 946 695 Mcrisfen,
961 638 1025 679 uns
1040 637 1114 678 curn
1137 635 1202 678 uno

51 716 241 778 molendino
265 715 437 777 ventritioo
466 715 609 789 ibidem3
643 718 677 777 et
700 715 776 777 inde
806 735 864 797 pro
889 715 982 778 nobis
1008 720 1042 776 et
1072 713 1203 776 nomine

52 818 166 875 nostro
190 811 330 874 Roberto
356 811 475 874 Abbati
502 811 588 874 Novi
613 811 703 873 Mon.
728 809 847 896 (loch)
872 810 969 893 juxta
995 810 1147 892 Morpnth
1170 814 1204 871 et

54 908 201 992 ejusdem
215 907 278 970 loci
294 908 466 970 conventui
481 913 515 970 et
523 928 654 970 success.
667 927 690 969 s.
704 908 839 991 imperp.
851 908 980 990 plenam
989 913 1022 970 et
1038 906 1204 990 pacificam

55 1006 285 1089 possessionem
299 1009 333 1066 et
348 1005 498 1067 seisinam
514 1004 708 1066 deliberanti.
725 1004 899 1066 secundum
914 1006 992 1080 vim,
1007 1004 1155 1079 formam,
1170 1011 1212 1064 et'

56 1102 210 1165 effectum
225 1101 394 1184 cujusdam
409 1101 521 1184 scripti
536 1101 639 1164 nostri
652 1101 813 1182 tripartiti
832 1101 994 1162 indentati
1014 1100 1090 1161 inde
1113 1097 1202 1180 praef.
1301 1117 1304 1122 ·

54 1199 132 1261 abb.
156 1203 191 1261 et
222 1219 313 1260 conv.
340 1205 375 1260 et
404 1218 535 1259 success.
562 1218 587 1268 s.
612 1197 750 1259 confecti
776 1201 871 1278 prout
896 1198 931 1259 in
961 1197 1059 1279 praed.
1083 1196 1203 1276 scripto

56 1295 185 1379 plenius
194 1296 386 1371 continetur,
396 1298 504 1355 ratum
516 1299 550 1356 et
560 1298 690 1374 gratnm
702 1294 856 1355 babentes
865 1299 900 1355 et
910 1293 1077 1355 habituros
1093 1297 1202 1354 totum

57 1398 93 1455 et
108 1392 261 1474 quiequid
284 1391 389 1453 dietus
412 1395 593 1453 attornatns
615 1396 725 1453 noster
747 1391 877 1452 nomine
899 1395 1008 1452 nostro
1031 1389 1145 1451 fecerit
1167 1389 1202 1449 in

58 1489 241 1571 praemissis.
286 1487 326 1549 In
341 1486 432 1570 cujus
446 1487 493 1548 rei
515 1487 736 1549 testimonium
759 1486 835 1548 huic
856 1506 947 1567 praes.
963 1486 1081 1567 scripto
1096 1490 1204 1547 nostro

53 1583 169 1666 ‚sigilla
190 1589 298 1647 nostra
319 1583 534 1666 apposuimus.
580 1583 655 1645 Dat.
671 1583 731 1644 ult.
755 1584 808 1645 die
831 1582 990 1659 Octobris,
1006 1601 1089 1642 anno
1111 1581 1204 1663 regni
1230 1590 1286 1642 Oet,
1299 1592 1338 1640 31.

59 1681 146 1764 regis
160 1681 295 1743 Henrici
310 1679 449 1762 Septimi
464 1684 537 1762 post
551 1684 769 1762 conquestum
784 1678 914 1763 Angliae
929 1679 1045 1761 primo.
1230 1672 1280 1706 Ψ·
1296 1660 1368 1707 ¹4⁸⁵·

127 1873 288 1936 Noverint
302 1872 443 1935 universi
458 1893 516 1956 per
528 1876 700 1956 praesentes
722 1891 780 1933 nos
795 1871 971 1933 Robertum
987 1869 1157 1945 Abbatem,
1172 1874 1206 1932 et
1230 1869 1317 1919 Pover
1327 1869 1356 1918 ol

60 1976 257 2032 conventum
272 1970 357 2032 Novi
373 1969 464 2032 Mon.
476 1968 572 2051 juxta
582 1968 733 2050 Morpath
744 1969 779 2030 in
787 1969 947 2029 comitutu
956 1967 1206 2043 Norlhumbn'ae,
1231 1943 1345 2051 m?

60 2071 237 2128 attomnsse
253 2066 338 2128 etin
360 2065 430 2128 loco
444 2069 553 2128 nostro
575 2065 716 2147 posuisse
739 2064 894 2126 dilectum
916 2063 1006 2125 nobis
1021 2064 1056 2125 in
1079 2062 1205 2126 Christo
1231 2066 1380 2133 possession·

61 2162 278 2224 Alexandrum
293 2162 436 2238 Wstson‚
451 2166 596 2223 nostrum
612 2181 723 2223 verum
739 2166 773 2222 et
794 2160 979 2243 legitimum
997 2165 1206 2234 attornatum,

61 2259 104 2323 nd
119 2259 304 2321 intrandum
319 2263 353 2320 et
368 2258 589 2340 recipiendum
598 2277 656 2340 pro
670 2256 763 2319 nobis
779 2263 812 2319 et
822 2258 951 2319 nomine
960 2262 1066 2319 nostro
1078 2256 1207 2338 plenam

62 2361 98 2419 et
111 2355 280 2438 pacificam
295 2355 522 2436 possessionem
537 2359 571 2416 et
593 2354 742 2415 seisinnm
764 2353 804 2415 de
828 2358 863 2415 et
884 2353 919 2415 in
941 2354 1037 2415 certis
1058 2352 1152 2415 terris
1173 2358 1208 2415 et

61 2458 125 2514 ten
138 2472 182 2515 m.
200 2472 275 2514 cum
291 2471 356 2513 uno
374 2450 559 2513 molendino
574 2451 747 2512 ventritioo
768 2449 896 2511 invilla
918 2454 953 2512 et
975 2451 1145 2513 territoriis
1167 2450 1207 2511 de

60 2548 227 2622 Mensfen,
243 2547 416 2611 secundum
432 2548 509 2623 vim,
525 2546 672 2622 formam,
688 2551 722 2608 et
745 2545 895 2609 effectum
914 2544 1080 2628 cujusdam
1095 2547 1208 2629 scripti

61 2645 222 2727 tripartiti
248 2642 410 2709 indentati
439 2643 530 2704 nobis
565 2647 599 2704 et
629 2660 762 2703 success.
792 2643 908 2704 nostris
938 2664 995 2725 per
1024 2643 1208 2706 Jobsnnem

62 2739 273 2824 Cartyngton,
288 2738 380 2801 Will.
396 2737 566 2813 Sebastos,
582 2743 615 2799 et
638 2737 726 2799 Edw.
743 2738 913 2815 Sebastow,
929 2743 1024 2822 prout
1046 2741 1081 2801 in
1095 2742 1208 2803 eodem

62 2838 183 2919 scripto
192 2836 318 2918 plenius
327 2835 522 2909 continetur,
534 2837 640 2896 rutum
653 2839 687 2895 et
696 2841 825 2916 gratum
834 2835 987 2897 habentes
997 2839 1031 2896 et
1041 2835 1208 2899 habituros

63 2939 170 2996 totum
185 2937 220 2995 et
235 2931 388 3014 quicquid
403 2929 501 3012 praed.
517 2934 698 2992 attornatus
713 2936 820 2992 noster
835 2933 963 2992 nomine
977 2939 1084 2993 nostro
1096 2932 1209 2994 fecerit

63 3030 100 3092 in
124 3027 243 3112 (1472)
269 3027 449 3110 praemissis.
495 3027 536 3088 In
566 3025 656 3108 cujus
686 3027 733 3087 rei
763 3026 985 3088 testimonium
1015 3029 1091 3089 huic
1119 3047 1208 3110 praes.

64 3127 184 3208 scripto
203 3131 310 3187 nostro
332 3121 475 3205 sigillum
497 3127 644 3184 nostrum
667 3122 880 3203 apposuimus.
925 3122 1002 3186 Dat.
1017 3123 1134 3186 ultimo
1156 3125 1210 3187 die
1235 3123 1289 3174 0οῒὴ
1302 3126 1343 3172 ³1.

65 3220 223 3298 Octobris,
248 3239 333 3282 anno
353 3219 443 3302 regni
467 3220 552 3302 regis
575 3218 711 3281 Henrici
735 3217 875 3302 Septimi
897 3224 970 3302 post
991 3226 1211 3303 conquaestum
1235 3206 1285 3243 ω·
1301 3192 1374 3239 ¹⁴⁸5‘

65 3317 193 3400 Angliae
208 3317 322 3400 primo.

454 3581 608 3648 russos
642 3581 829 3648 WOTTON.

135 3810 252 3874 Patent
266 3811 422 3872 universis
445 3829 503 3890 per
524 3814 707 3890 praesentes,
722 3809 809 3890 quod
831 3829 891 3891 ego
915 3809 1088 3892 Gylbertus
1111 3811 1216 3873 dictus
1241 3824 1366 3889 Gmntby

69 3908 234 3971 Nontherd
257 3907 297 3969 de
320 3906 562 3988 Langewotton,
578 3904 664 3981 dedi,
680 3924 781 3975 conc,
798 3906 879 3967 eth.
895 3926 927 3987 p.
944 3927 972 3968 o.
989 3927 1033 3968 m.
1049 3907 1132 3970 conf.
1147 3908 1217 3970 Deo
1240 3890 1373 4006 ἓὲξξῇζῄ

69 4011 102 4067 et
117 4005 156 4067 B.
172 4004 219 4066 Μ.
235 4004 319 4066 Abb.
334 4009 369 4065 et
383 4021 476 4064 conv.
491 3999 575 4063 Novi
590 4002 680 4063 Mon.
691 4006 726 4062 et
741 4021 852 4062 eorum
867 4004 1108 4080 successoribus,
1116 4025 1217 4066 unum
1242 4023 1282 4072 for
1292 4038 1308 4071 a
1319 4022 1369 4086 pio

68 4120 213 4164 annuum
228 4099 392 4162 redditum
408 4118 462 4160 sex
477 4097 651 4160 solidorum
674 4101 708 4157 et
723 4103 795 4158 octo
819 4098 1032 4177 denariorum,
1049 4103 1218 4163 annuatim
1243 4094 1363 4203 {³3⁰³

68 4197 347 4280 percipiendorum
364 4195 606 4276 imperpetuum
622 4193 665 4254 ad
684 4193 802 4253 festum
819 4191 927 4256 Beatae
953 4194 1068 4258 Mnriae
1084 4195 1220 4279 Magda·
1243 4171 1358 4270 κῶζ’

69 4293 281 4370 lenae‚detots
292 4304 379 4354 terra
389 4310 461 4351 mes
470 4291 505 4350 in
514 4289 591 4351 villa
600 4291 640 4351 de
650 4289 873 4370 Lungwotton,
883 4310 940 4371 per
950 4310 1063 4354 manus
1071 4313 1158 4355 meas
1170 4292 1221 4355 vel
1244 4289 1301 4351 <1⁸5-

69 4392 138 4452 her.
154 4409 310 4463 meorum,
325 4384 380 4448 seu
392 4406 653 4468 quorumcunque
667 4404 993 4469 seuquorumcunque
1004 4386 1085 4471 (sic)
1100 4390 1221 4452 dictum

73 4493 194 4549 terrum
209 4484 397 4547 tenencinm
413 4501 512 4564 usque
526 4481 775 4563 imperpetuum,
791 4481 832 4543 ad
851 4481 1032 4546 faciendam
1046 4486 1224 4568 pitancinm

625 4596 668 4638 Η
