2940 5048
666 292 940 345 cllsnwuaulusi

225 480 335 523 omnes
356 462 429 524 illas
453 462 627 545 particulas
649 467 743 525 terrae
764 482 839 525 cum
860 461 1072 545 pertinenciis
1086 480 1162 543 quae
1170 458 1286 542 jacent
1301 457 1382 519 ister

226 563 345 620 terram
361 579 467 620 meam
482 564 516 623 et
531 564 650 621 terram
666 558 799 621 Henrici
813 558 854 621 (le
869 556 997 619 Rodum
1008 576 1118 619 versus
1126 556 1341 631 occidentem,
1348 558 1381 616 et

227 675 377 736 campum
392 656 432 717 de
443 654 626 737 Hepphale‚
635 660 671 717 et
678 660 818 737 quatuor
828 674 915 716 acras
926 659 1022 716 terrae
1037 674 1077 716 ex
1087 652 1228 715 australi
1237 658 1328 735 parte
1341 648 1380 713 de

228 750 346 815 Cokett
362 750 459 812 simul
470 751 626 833 jacentes,
638 751 772 828 scilicet,
783 771 803 812 a
817 770 935 832 magno
950 750 1070 812 itinere
1084 748 1173 831 quod
1188 768 1224 810 se
1238 745 1381 809 extendit

227 867 284 929 per
299 848 441 909 medium
453 846 670 929 Dunnesleyes
682 866 788 909 versus
802 852 948 908 austrum
962 865 1065 927 usque
1079 848 1243 907 essartum
1252 842 1381 905 'l'homn

227 943 268 1004 de
283 942 449 1021 Bikerton‚
464 951 500 1004 et
513 944 631 1005 deinde
645 962 752 1005 versus
767 942 950 1025 aquilonem
973 961 1075 1023 usque
1096 939 1298 1003 dominicam
1315 935 1381 999 cul·

228 1044 335 1100 turam
345 1059 541 1115 meam‚cum
551 1046 680 1120 pastura
688 1058 727 1100 ex
738 1038 870 1101 australi
880 1036 1020 1119 partede
1031 1032 1379 1099 Koketduabusvaceis

228 1139 263 1196 et
277 1154 297 1194 x
313 1134 499 1195 matricibus
522 1135 633 1197 ovibus
655 1154 730 1195 cum
752 1133 881 1217 sequela
902 1133 999 1194 unius
1021 1133 1112 1195 anni.
1158 1130 1249 1193 Hab.
1264 1136 1299 1193 et
1316 1134 1378 1191 ten.

228 1230 325 1311 praed.
343 1231 467 1312 Rogero
490 1236 524 1293 et
548 1232 613 1293 her.
629 1233 694 1292 suis
709 1230 760 1291 vel
785 1231 849 1291 suis
873 1230 989 1311 assign.
1006 1229 1047 1291 de
1069 1248 1134 1306 me,
1150 1227 1210 1290 lib.
1225 1226 1294 1309 qui.
1309 1244 1380 1287 cum

229 1347 315 1388 omn.
332 1324 532 1389 libertatibus
547 1332 582 1389 et
597 1327 707 1389 liberis
722 1325 1006 1389 consuetudinibus
1021 1329 1056 1388 et
1071 1325 1215 1407 pasturis
1230 1330 1268 1385 et
1280 1321 1381 1385 omni·

230 1422 289 1483 bus
315 1423 501 1484 asiamentis
526 1425 567 1486 ad
593 1423 705 1485 villam
730 1423 770 1484 dc
796 1423 933 1484 Kestem
960 1442 999 1482 cx
1025 1419 1201 1503 aquilonali
1229 1428 1322 1501 parte
1342 1416 1380 1479 de

231 1516 334 1580 Coket
359 1518 605 1598 pertinentibus.
651 1519 827 1581 Reddendo
851 1518 927 1580 inde
950 1517 1121 1579 annuatim
1144 1516 1231 1577 mihi
1246 1519 1282 1577 et
1296 1514 1381 1575 here·

231 1613 324 1675 dibus
341 1615 420 1675 meis
436 1635 492 1695 pro
508 1615 655 1676 omnibus
670 1615 744 1676 aliis
759 1615 910 1688 serviciis,
925 1612 1213 1675 consuetudinibus
1227 1610 1380 1693 quasdam

231 1714 390 1771 serotenus
412 1711 453 1771 ad
476 1711 594 1772 festum
619 1711 717 1795 (tobi
743 1710 854 1774 Sancti
876 1709 1054 1771 Michaelis.
1100 1708 1146 1769 Et
1169 1728 1232 1789 ego
1252 1706 1328 1769 Joh.
1348 1711 1382 1766 et

231 1804 294 1866 her.
312 1826 355 1867 m.
372 1807 468 1886 prred.
485 1806 612 1887 Rogare
632 1813 666 1868 et
688 1807 756 1869 her.
773 1827 797 1867 s.
814 1804 864 1867 vel
880 1806 944 1866 suis
962 1806 1079 1885 assign.
1096 1802 1195 1886 praed.
1212 1802 1337 1863 toltum
1349 1806 1382 1862 et

231 1921 317 1962 omn.
334 1901 431 1982 praed.
447 1908 545 1963 terras
569 1924 608 1963 es
632 1909 766 1983 utruque
790 1907 881 1983 parte
902 1900 942 1962 de
963 1898 1065 1963 Coket
1088 1919 1164 1961 cum
1185 1898 1327 1980 pasturis
1348 1904 1381 1959 et

231 1998 348 2078 pertin.
362 1998 425 2059 suis
440 2018 496 2079 per
511 1999 684 2059 servicium
700 1998 967 2080 praenominatum
982 2000 1095 2057 eontra
1109 2014 1222 2057 omnes
1237 1994 1382 2056 homines

231 2114 304 2155 war.
321 2094 354 2154 in
373 2102 570 2175 perpetuum.
587 2099 621 2155 et
635 2078 698 2155 defi
745 2093 818 2154 Hiis
833 2091 979 2155 testibus.

69 2272 179 2390 staff&
299 2285 421 2363 Sciant,
436 2298 496 2347 etc.
514 2286 598 2367 quod
613 2306 673 2367 ego
697 2286 841 2369 Rogems
856 2285 896 2346 de
913 2282 1048 2365 Horsely
1062 2282 1134 2345 ded.
1151 2303 1242 2345 conc.
1257 2290 1292 2345 et
1307 2302 1340 2365 p.
1354 2302 1383 2344 c.

69 2406 101 2455 hc
113 2406 191 2455 above
232 2401 275 2440 m.
292 2381 374 2441 conf.
392 2381 458 2442 Deo
475 2388 509 2442 et
525 2403 609 2443 mon.
626 2383 702 2444 eccl.
720 2381 752 2444 S.
769 2381 816 2442 M.
834 2380 917 2442 Novi
941 2379 1030 2440 Mon.
1047 2379 1083 2439 in
1105 2378 1164 2440 lib.
1179 2384 1214 2440 et
1236 2398 1328 2461 perp.
1341 2376 1382 2439 el.

69 2472 211 2535 ›yitogsrcf
232 2475 312 2536 illud
336 2477 456 2536 toftum
472 2477 505 2537 in
521 2478 598 2539 villa
613 2479 653 2540 de
669 2478 819 2552 Kestern,
835 2476 919 2559 quod
935 2474 1119 2536 Willelmus
1140 2474 1229 2536 filius
1254 2474 1383 2536 Moricii

69 2538 178 2600 iorsclcy
266 2572 272 2584 .
492 2573 497 2584 .
1025 2571 1056 2584 ..
1250 2572 1258 2587 .
1347 2571 1367 2585 ..

70 2604 168 2650 ope...
231 2571 402 2651 ahquando
411 2576 527 2648 tenuit,
537 2582 571 2632 ct-
582 2580 719 2654 quatuor
735 2594 822 2634 aeras
837 2581 929 2634 terrac
945 2570 1160 2632 arablhscum
1171 2576 1384 2652 pertineneus

69 2667 161 2716 niuster
231 2668 264 2727 in
289 2666 480 2727 occidentali
504 2673 595 2747 parte
619 2669 753 2731 culturis
775 2671 815 2732 de
838 2668 987 2749 Dederig,
1003 2666 1136 2741 seilicet,
1152 2666 1175 2748 ij
1200 2687 1291 2729 acras
1312 2687 1384 2748 quia

69 2734 153 2796 lhbey.
227 2761 338 2842 jacent
359 2764 599 2843 propinquiores
619 2765 659 2825 de
680 2765 712 2827 la
736 2765 943 2840 Mereletche‚
966 2769 1001 2825 et
1023 2763 1045 2845 ij
1071 2782 1159 2824 acras
1182 2782 1256 2844 quae
1272 2761 1384 2845 jacent

232 2859 474 2939 propinquiores
489 2864 581 2921 terrie
595 2861 729 2923 Henrici
744 2861 784 2922 de
800 2861 938 2934 Rodum,
950 2880 1021 2941 quae
1036 2880 1069 2920 se
1084 2859 1266 2920 extendunt
1277 2879 1385 2921 versus

231 2953 413 3035 aquilonem
429 2975 526 3036 usque
542 2956 583 3017 ad
599 2956 684 3017 viam
701 2957 740 3018 de
757 2957 783 3018 F
784 2957 959 3029 lotwaiton‚
975 2960 1009 3017 et
1024 2975 1132 3016 omnes
1147 2953 1222 3016 illas
1243 2956 1386 3037 particu-

231 3050 278 3111 las
301 3056 394 3112 terrae
417 3072 491 3112 eum
514 3054 720 3133 pertinenciis
743 3074 814 3135 quae
832 3053 945 3136 jacent
965 3053 1050 3112 inter
1066 3058 1186 3113 terram
1208 3051 1336 3113 domini
1351 3056 1385 3115 et

233 3152 350 3207 terram
374 3147 507 3209 Honrici
531 3150 570 3209 ‹le
594 3149 721 3210 llodum
745 3169 852 3210 versus
876 3147 1086 3222 occidentem,
1110 3152 1145 3208 et
1168 3167 1322 3229 campum
1345 3147 1386 3209 de

235 3243 414 3323 llepplrale,
439 3249 472 3305 et
499 3253 634 3325 quatuor
658 3265 746 3305 acras
769 3250 863 3306 terras
887 3265 926 3305 ex
951 3242 1084 3304 australi
1105 3248 1198 3324 parte
1218 3242 1261 3305 de
1283 3241 1386 3307 Coket

234 3339 327 3399 simul
347 3339 503 3419 jacentes,
520 3340 651 3414 scilicet,
675 3361 693 3400 a
717 3360 834 3421 magno
857 3340 975 3401 itinere
998 3338 1082 3420 quod
1099 3360 1132 3400 se
1153 3338 1304 3401 extendit
1329 3359 1387 3421 per

233 3436 376 3495 medium
394 3436 606 3516 Duunesleyes
624 3456 728 3496 versus
744 3443 888 3497 anstrum
904 3456 1005 3517 usque
1020 3441 1174 3496 essartum
1199 3434 1332 3498 Thomae
1345 3435 1386 3497 de

238 3530 400 3603 ltilrerton,
417 3538 449 3591 et
465 3531 579 3591 deinde
597 3552 703 3592 versus
718 3532 902 3612 aquilonem
913 3552 1011 3613 usque
1023 3532 1062 3592 ad
1072 3530 1271 3593 dominicam
1282 3532 1386 3594 cultu·

235 3648 303 3686 ram
320 3627 475 3686 Jclrannis
491 3627 530 3686 (le.
548 3627 697 3699 Nestora,
708 3648 782 3688 cum
799 3634 927 3709 pastura
937 3648 975 3687 ex
984 3627 1116 3688 australi
1130 3634 1222 3708 parte
1230 3628 1272 3690 de
1284 3627 1387 3692 Colret

234 3724 354 3784 ‹luabus
370 3725 472 3783 vaccis
496 3728 529 3783 et
544 3744 563 3783 x
587 3725 774 3785 matricibus
796 3724 909 3785 ovibus
932 3745 1007 3785 curn
1030 3725 1157 3806 sequela
1178 3712 1277 3787 unius
1298 3726 1385 3789 anni.

235 3820 318 3879 llab.
335 3826 369 3880 et
393 3826 456 3880 ten.
475 3820 570 3899 praed.
588 3841 649 3882 ino.
666 3820 721 3882 lib.
739 3822 848 3902 quiete
871 3828 905 3881 et
928 3822 1064 3902 integre,
1079 3841 1153 3882 eum
1179 3841 1264 3884 omn.
1287 3822 1387 3905 perti-

236 3916 367 3991 nenciis,
383 3915 596 3989 libertatibus,
613 3919 801 3991 communiS,
824 3923 856 3978 et
883 3918 1033 3997 pasturis,
1058 3917 1257 3980 omnimodis
1283 3920 1385 3981 asiam

236 4012 274 4071 ail
308 4010 416 4071 villam
447 4012 485 4072 dc
516 4011 655 4073 Kestern
685 4033 724 4072 cx
755 4012 904 4093 aquilone
934 4012 974 4074 de
1004 4011 1107 4075 Coket
1128 4014 1386 4094 pertinentibus3

236 4107 395 4168 reddendo
418 4108 494 4168 inde
510 4108 679 4168 annuatim
703 4108 785 4168 mihi
808 4108 923 4170 ether.
940 4109 1022 4170 meis
1044 4129 1101 4190 pro
1116 4128 1202 4171 omn.
1218 4130 1299 4171 serv.
1317 4130 1387 4193 quae
1410 4129 1413 4135 ’

236 4203 344 4282 aliquo
361 4203 453 4263 modo
476 4204 560 4284 exigi
584 4209 746 4284 poterunt,
762 4204 915 4285 quasdam
931 4204 1018 4266 albas
1033 4210 1191 4266 cerotecas
1206 4205 1248 4266 ad
1268 4206 1388 4269 festum

238 4299 347 4357 Sancti
380 4299 556 4359 Michaelis
619 4300 662 4360 Et
693 4320 753 4381 ego
785 4300 821 4361 R.
850 4306 883 4361 et
914 4301 980 4362 her.
1012 4321 1051 4362 m.
1076 4321 1149 4362 war.
1182 4302 1281 4384 praed.
1311 4322 1388 4364 mon

237 4394 332 4470 pisel.
357 4394 473 4454 tostum
496 4402 528 4455 et
543 4416 651 4456 omnes
676 4396 770 4476 prisc.
789 4406 887 4456 terras
908 4417 945 4456 cs
967 4402 1102 4477 utraque
1123 4402 1214 4478 parte
1229 4398 1270 4460 de
1286 4396 1390 4462 Coket
