2940 5048
447 313 495 365 Du
520 312 615 365 NOVO
641 310 878 365 nonssrnfflo.

80 483 178 546 miehi
189 481 338 565 prodesse
346 486 382 543 et
395 480 575 564 saepedietis
589 481 754 544 monachis
770 480 878 543 obesse
891 482 1010 562 poterit
1024 481 1058 541 in
1074 478 1135 541 bac
1149 497 1230 559 prse-

79 584 186 643 tensu.

144 770 306 835 Omnibus
321 771 459 848 Sanctae,
481 778 544 835 ete.
589 772 745 836 Robertus
768 773 915 835 Bertram
937 773 977 836 de
1000 771 1129 849 Bothal,
1144 771 1228 834 salu·
1250 813 1273 862 G
1303 745 1351 814 ἰ’

78 874 156 931 tem.
202 868 368 931 Noveritis
384 889 436 931 me
453 889 509 950 pro
532 869 637 931 salute
658 871 776 933 animae
799 891 879 932 meae
903 876 937 932 et
960 871 1065 931 uxoris
1088 889 1178 944 meae,
1194 875 1227 931 et
1250 816 1374 930 tribubor

78 968 226 1028 omnium
248 971 483 1027 antecessorum
505 968 539 1027 et
561 964 716 1028 heredum
737 987 881 1028 meorum
897 967 1086 1028 concessisse
1101 971 1136 1028 et
1151 986 1227 1027 eon·
1248 946 1357 1061 {⁰⁸⁹0st
1322 965 1386 1070 reeb

78 1062 220 1123 firmasse
235 1082 294 1143 pro
310 1066 411 1123 meet
397 1061 492 1123 t.her
508 1062 588 1124 meis
612 1063 864 1144 imperpetuum,
880 1063 948 1125 Deo
964 1063 1051 1125 etB.
1067 1063 1127 1140 M.,
1142 1062 1226 1125 Abb.
1250 1077 1345 1128 Robsrt
1322 1029 1402 1079 Μ

78 1163 111 1220 et
125 1178 215 1220 mon.
231 1157 316 1220 Novi
332 1157 434 1231 Mon,
450 1158 484 1219 in
506 1157 564 1219 lib.
580 1179 651 1240 pur.
666 1165 701 1221 et
710 1180 798 1241 perp
814 1159 855 1222 el.
858 1160 1001 1242 ,viginti
1023 1180 1112 1221 acras
1133 1165 1225 1222 terrae
1249 1144 1373 1199 Bonam.

77 1255 113 1317 in
127 1253 208 1316 villa
230 1260 264 1316 et
287 1255 450 1317 territorio
472 1255 513 1316 de
532 1253 626 1316 Nova
648 1255 730 1334 Pen(
737 1255 976 1339 124aldemore,
992 1255 1093 1318 scil.'
1083 1276 1118 1317 m
1140 1257 1224 1318 tofto

76 1354 112 1413 et
125 1351 231 1413 erotto
246 1371 344 1412 unam
360 1370 478 1426 seram,
493 1355 528 1412 et
542 1371 658 1412 novem
681 1372 770 1413 aeras
781 1351 926 1434 jacentes
935 1354 970 1414 in
982 1351 1012 1415 le
1024 1352 1226 1414 Midelstrete

72 1446 170 1530 juxta
184 1451 307 1509 terram
322 1447 445 1509 domini
461 1447 580 1529 Rogen'
595 1447 636 1509 de
651 1447 876 1531 Wodryngton
898 1469 1004 1510 versus
1020 1454 1175 1525 austrum,
1191 1454 1226 1511 et

76 1544 156 1607 duas
178 1564 267 1607 aeras
289 1564 328 1605 ex
350 1543 500 1605 orientali
522 1548 616 1625 parte
638 1544 680 1605 ad
703 1544 806 1625 capud
829 1544 926 1626 praed.
943 1565 1057 1607 novem
1079 1566 1224 1607 aerarum

76 1640 264 1703 cedentium
286 1642 321 1703 in
344 1640 498 1723 Potlyng,
514 1645 708 1731 etoquatuor
729 1661 818 1702 acras
841 1662 880 1702 ex
906 1641 1055 1702 orientali
1078 1646 1169 1723 parte
1184 1643 1224 1704 de

76 1735 235 1820 Pottlyng
254 1736 350 1817 juxta
375 1737 461 1798 vism
486 1738 609 1818 regiam
625 1737 773 1798 cadentes
789 1738 824 1797 ιιι
851 1737 1002 1819 Potlyng,
1029 1745 1062 1799 et
1089 1744 1225 1819 quatuor

75 1852 165 1895 aeras
186 1833 284 1916 juxta
309 1831 528 1896 Christianam
559 1833 700 1910 viduam,
724 1853 763 1893 ex
793 1839 885 1914 parte
914 1833 1045 1894 australi
1075 1834 1225 1895 cadentes

76 1950 171 2013 super
194 1930 335 2013 capitale
359 1931 526 1993 fossatum.
571 1931 625 1992 Ita
649 1930 735 2012 quod
759 1950 818 2011 ego
843 1931 964 1993 ether.
988 1951 1030 1991 m.
1057 1951 1224 2012 possumus

74 2027 180 2089 faeere
206 2032 474 2110 approamentum
502 2031 649 2088 nostrum
673 2027 713 2089 de
736 2031 837 2102 vasto,
860 2027 946 2089 salva
977 2026 1072 2088 dictis
1095 2026 1168 2089 abb.
1190 2033 1224 2089 et

74 2141 161 2186 mon.
189 2123 362 2185 sufficienti
388 2129 520 2204 pastura
545 2121 587 2184 ad
618 2123 741 2184 dietam
765 2129 885 2185 terram
922 2123 1117 2204 pertinente,
1148 2143 1222 2183 cum

74 2239 161 2281 omn.
178 2220 298 2301 pertin.
317 2221 508 2293 eommunis,
529 2225 563 2280 et
577 2220 712 2300 aysiam.
733 2220 809 2293 suis,
825 2224 894 2279 tam
911 2219 996 2279 infra
1006 2219 1116 2280 villam
1126 2239 1222 2301 quam

72 2319 175 2393 extra,
190 2336 266 2378 eum
280 2315 383 2377 libero
406 2316 544 2377 introitu
567 2321 602 2376 et
624 2316 715 2377 exitu
737 2316 777 2377 ad
802 2316 898 2396 praed.
914 2321 1034 2376 terram
1058 2317 1224 2397 quociens·

72 2431 201 2494 ermque
226 2411 440 2494 indiguerint,
463 2411 548 2472 sieut
573 2416 662 2472 carta
686 2411 884 2473 feoffamenti
912 2431 1009 2493 quam
1040 2411 1160 2473 habent
1184 2433 1223 2474 ex

71 2509 157 2571 dono
172 2507 308 2570 Roberti
324 2507 473 2586 Baynard
488 2507 528 2569 de
543 2512 615 2569 tota
629 2508 728 2589 praed.
744 2512 831 2568 terra
853 2507 979 2589 plenius
1002 2514 1167 2591 proportat
1189 2517 1223 2570 et

72 2608 224 2667 testatur.
270 2604 310 2666 In
326 2604 427 2687 cujus,
443 2610 506 2665 ete.

139 2796 299 2861 Omnibus
323 2798 406 2859 banc
428 2802 562 2871 cartam,
578 2804 640 2859 etc.
687 2796 868 2859 Willelmus
892 2799 1061 2861 Butlert
1019 2806 1061 2861 aet
1063 2820 1172 2862 ernam
1187 2800 1222 2861 in
1285 2804 1344 2871 viij·

70 2892 212 2956 Domino
227 2893 373 2956 salutem.
419 2894 582 2955 Noveritis
605 2914 657 2956 me
672 2914 729 2975 pro
745 2895 846 2956 salute
860 2897 978 2957 anirnae
994 2916 1072 2958 rneae
1087 2902 1120 2957 et
1135 2917 1221 2958 omn.
1245 2872 1314 2986 ,Ἣ
1316 2872 1368 2986 ξηοῙ

70 2994 176 3053 anteo.
202 2996 237 3052 et
262 2990 328 3053 her.
353 3011 410 3067 m.,
433 2989 568 3062 dedisse,
592 3009 679 3050 eone
695 2990 775 3051 eth.
791 3011 824 3072 p.
841 3012 867 3051 c.
884 3011 927 3051 ιιι.
943 2991 1027 3052 eonf.
1043 2998 1077 3053 et
1092 2994 1222 3054 omnino
1246 3003 1383 3053 NwPen·

70 3085 372 3167 quietumelamasse
396 3086 436 3148 de
463 3106 515 3146 me
538 3093 572 3148 et
590 3086 655 3148 her.
672 3106 716 3146 m.
733 3087 800 3147 Deo
816 3085 903 3147 etB.
922 3086 967 3146 M
983 3086 1065 3148 Abb
1081 3093 1115 3148 et
1129 3108 1220 3149 conv.
1244 3069 1397 3186 ξξξᾘῐῖξοι

70 3179 157 3244 Novi
172 3181 262 3244 Mon.
279 3182 462 3264 speeialiter
477 3182 518 3244 ad
533 3181 693 3243 luminare
719 3181 812 3243 Beati
829 3181 971 3257 Roberti,
987 3182 1083 3262 primi
1073 3182 1221 3244 abbatis
1244 3151 1336 3250 arsag

70 3275 214 3359 ejusdem
240 3278 303 3340 loci
330 3279 579 3360 imperpetuum,
604 3298 704 3339 unum
731 3278 852 3339 toftum
875 3283 909 3339 et
933 3276 1072 3337 croftum
1086 3281 1120 3339 et
1134 3279 1221 3340 χιιι·
1244 3266 1349 3321 Robora

69 3393 159 3436 aeras
189 3381 281 3437 terrae
310 3376 344 3437 in
375 3375 453 3436 ville
481 3379 515 3436 et
544 3376 706 3436 territorio
737 3375 777 3436 de
802 3374 895 3436 Nova
919 3373 1126 3448 Pendemore,
1151 3375 1220 3436 soil.

69 3472 213 3553 quinque
238 3492 326 3534 acras
352 3470 394 3533 ad
417 3469 449 3533 le
473 3470 627 3553 Boubrig,
652 3476 686 3532 et
711 3476 834 3553 septem
859 3490 948 3531 acras
962 3490 1040 3550 quas
1056 3469 1221 3533 Gslfridus

68 3566 178 3630 Paook
202 3569 364 3650 quondam
389 3569 505 3645 tenuit,
531 3574 566 3629 et
584 3589 639 3630 sex
654 3588 743 3630 aeras
757 3569 790 3629 in
807 3574 928 3630 travers
945 3568 974 3628 le
990 3567 1171 3649 Trepeway,
1186 3573 1219 3630 et

68 3669 192 3747 septem
223 3685 311 3727 aeras
341 3666 376 3727 in
406 3664 531 3726 cultura
560 3685 631 3744 qum
663 3672 793 3726 vocatur
823 3664 853 3725 le
884 3662 1163 3740 Hercbehardflat,
1187 3672 1221 3727 et

68 3759 210 3842 quinque
224 3781 312 3823 seras
323 3760 468 3842 jacentes
483 3781 522 3821 er
538 3760 685 3821 orientali
699 3765 792 3841 parte
808 3761 849 3821 de
864 3761 988 3821 cultura
1004 3779 1075 3840 quae
1091 3766 1221 3823 vocatur

68 3855 237 3920 Sexdecim
251 3878 350 3933 aeras,
366 3878 441 3919 oum
465 3856 548 3919 tofto
559 3856 690 3937 jacente
705 3859 791 3919 inter
806 3857 938 3919 domum
952 3857 974 3919 J
975 3857 1026 3919 oh.
1039 3856 1079 3919 de
1091 3858 1220 3940 Lynton

69 3960 102 4014 et
116 3953 240 4034 regiam
259 3953 356 4017 viam.
400 3953 478 4014 Ten.
504 3958 538 4014 et
564 3952 638 4014 hab.
664 3953 760 4015 dictis
783 3952 894 4015 abbati
910 3957 944 4014 et
959 3973 1049 4014 conv.
1065 3954 1105 4014 de
1121 3974 1172 4014 me
1187 3960 1220 4016 et

67 4047 135 4110 her.
151 4068 196 4110 ιιι.
213 4052 247 4110 et
261 4050 378 4130 assign.
405 4049 515 4124 libere,
539 4049 661 4130 quiete,
684 4047 776 4124 bene,
803 4054 837 4109 et
861 4050 896 4109 in
920 4068 1009 4129 pace,
1036 4050 1161 4133 integre
1186 4057 1221 4112 et

68 4145 172 4207 solute
196 4146 238 4207 ab
264 4166 350 4208 omn.
366 4166 445 4207 serv.
462 4144 616 4220 saeeulari,
632 4165 737 4207 exsec.
757 4164 841 4206 cons.
858 4151 892 4206 et
907 4145 1076 4220 demanda,
1091 4166 1164 4228 quae
1180 4151 1221 4212 ab

67 4240 229 4322 aliquibus
243 4242 468 4323 quoquomodo
492 4244 624 4322 possunt
650 4241 736 4321 exigi
751 4241 1001 4320 imperpetuum,
1016 4241 1095 4303 adeo
1111 4242 1231 4324 libere,

67 4337 187 4419 quiete,
203 4343 238 4399 et
254 4338 395 4419 pacifice,
421 4338 505 4399 sieut
528 4337 637 4418 aliqua
660 4337 700 4398 el.
716 4336 859 4412 liberine,
875 4336 1002 4411 melius,
1018 4341 1050 4397 et
1067 4340 1221 4423 quieoius,

66 4433 135 4496 dari
161 4440 271 4516 potest
298 4434 349 4496 vel
373 4433 538 4516 possideri.
585 4433 630 4494 Et
653 4454 713 4513 ego
737 4431 826 4493 Will.
847 4430 961 4493 Butler
985 4440 1019 4495 et
1043 4434 1109 4497 her.
1128 4445 1222 4502 met

635 4552 654 4604 Q
