<?xml version="1.0" encoding="UTF-8"?>
<!DOCTYPE html PUBLIC "-//W3C//DTD XHTML 1.0 Transitional//EN"
    "http://www.w3.org/TR/xhtml1/DTD/xhtml1-transitional.dtd">
<html xmlns="http://www.w3.org/1999/xhtml" xml:lang="en" lang="en">
 <head>
  <title>
</title>
<meta http-equiv="Content-Type" content="text/html;charset=utf-8" />
  <meta name='ocr-system' content='tesseract 3.04.00' />
  <meta name='ocr-capabilities' content='ocr_page ocr_carea ocr_par ocr_line ocrx_word'/>
</head>
<body>
  <div class='ocr_page' id='page_1' title='image "./chartulariumabb00fowlgoog_0224.png"; bbox 0 0 2940 5048; ppageno 0'>
   <div class='ocr_carea' id='block_1_1' title="bbox 443 123 869 178">
    <p class='ocr_par' dir='ltr' id='par_1_1' title="bbox 443 123 869 178">
     <span class='ocr_line' id='line_1_1' title="bbox 443 123 869 178; baseline 0 -1"><span class='ocrx_word' id='word_1_1' title='bbox 443 125 489 177; x_wconf 77' lang='grc' dir='ltr'>ΒΕ</span> <span class='ocrx_word' id='word_1_2' title='bbox 514 123 609 177; x_wconf 82' lang='lat' dir='ltr'>NOVO</span> <span class='ocrx_word' id='word_1_3' title='bbox 633 123 869 178; x_wconf 72' lang='lat' dir='ltr'>Monssrnuro</span> 
     </span>
    </p>
   </div>
   <div class='ocr_carea' id='block_1_2' title="bbox 76 292 1276 665">
    <p class='ocr_par' dir='ltr' id='par_1_2' title="bbox 76 292 1276 665">
     <span class='ocr_line' id='line_1_2' title="bbox 76 292 1234 381; baseline -0.003 -20"><span class='ocrx_word' id='word_1_4' title='bbox 76 295 300 381; x_wconf 78' lang='lat' dir='ltr'>apposuimus.</span> <span class='ocrx_word' id='word_1_5' title='bbox 333 295 382 357; x_wconf 88' lang='lat' dir='ltr'>Et</span> <span class='ocrx_word' id='word_1_6' title='bbox 395 292 438 356; x_wconf 88' lang='lat' dir='ltr'>ad</span> <span class='ocrx_word' id='word_1_7' title='bbox 447 293 637 356; x_wconf 86' lang='lat' dir='ltr'>intrandum</span> <span class='ocrx_word' id='word_1_8' title='bbox 646 293 680 355; x_wconf 94' lang='lat' dir='ltr'>in</span> <span class='ocrx_word' id='word_1_9' title='bbox 690 294 799 355; x_wconf 86' lang='lat' dir='ltr'>omnia</span> <span class='ocrx_word' id='word_1_10' title='bbox 808 294 905 376; x_wconf 83' lang='lat' dir='ltr'>praed</span> <span class='ocrx_word' id='word_1_11' title='bbox 919 300 994 357; x_wconf 88' lang='lat' dir='ltr'>terr.</span> <span class='ocrx_word' id='word_1_12' title='bbox 1005 300 1040 357; x_wconf 90' lang='lat' dir='ltr'>et</span> <span class='ocrx_word' id='word_1_13' title='bbox 1049 299 1115 358; x_wconf 89' lang='lat' dir='ltr'>ten.</span> <span class='ocrx_word' id='word_1_14' title='bbox 1125 299 1234 357; x_wconf 86' lang='lat' dir='ltr'>nostra</span> 
     </span>
     <span class='ocr_line' id='line_1_3' title="bbox 77 389 1276 471; baseline -0.003 -15"><span class='ocrx_word' id='word_1_15' title='bbox 77 391 257 456; x_wconf 86' lang='lat' dir='ltr'>secundum</span> <span class='ocrx_word' id='word_1_16' title='bbox 271 390 352 467; x_wconf 89' lang='lat' dir='ltr'>vim,</span> <span class='ocrx_word' id='word_1_17' title='bbox 366 389 504 452; x_wconf 82' lang='lat' dir='ltr'>formam</span> <span class='ocrx_word' id='word_1_18' title='bbox 528 395 564 452; x_wconf 89' lang='lat' dir='ltr'>et</span> <span class='ocrx_word' id='word_1_19' title='bbox 581 389 730 451; x_wconf 85' lang='lat' dir='ltr'>effectum</span> <span class='ocrx_word' id='word_1_20' title='bbox 751 409 842 471; x_wconf 86' lang='lat' dir='ltr'>prees.</span> <span class='ocrx_word' id='word_1_21' title='bbox 859 396 956 453; x_wconf 76' lang='lat' dir='ltr'>curte</span> <span class='ocrx_word' id='word_1_22' title='bbox 976 395 1092 453; x_wconf 88' lang='lat' dir='ltr'>nostrae</span> <span class='ocrx_word' id='word_1_23' title='bbox 1114 393 1234 453; x_wconf 87' lang='lat' dir='ltr'>consti·</span> <span class='ocrx_word' id='word_1_24' title='bbox 1268 398 1276 415; x_wconf 89' lang='grc'><em>·</em></span> 
     </span>
     <span class='ocr_line' id='line_1_4' title="bbox 79 483 1234 568; baseline -0.004 -15"><span class='ocrx_word' id='word_1_25' title='bbox 79 487 214 563; x_wconf 72' lang='lat' dir='ltr'>ruimus,</span> <span class='ocrx_word' id='word_1_26' title='bbox 226 486 448 550; x_wconf 83' lang='lat' dir='ltr'>ordinavimus</span> <span class='ocrx_word' id='word_1_27' title='bbox 468 489 502 547; x_wconf 89' lang='lat' dir='ltr'>et</span> <span class='ocrx_word' id='word_1_28' title='bbox 516 485 552 546; x_wconf 91' lang='lat' dir='ltr'>in</span> <span class='ocrx_word' id='word_1_29' title='bbox 571 483 641 547; x_wconf 89' lang='lat' dir='ltr'>loco</span> <span class='ocrx_word' id='word_1_30' title='bbox 655 489 764 547; x_wconf 89' lang='lat' dir='ltr'>nostro</span> <span class='ocrx_word' id='word_1_31' title='bbox 780 487 942 568; x_wconf 83' lang='lat' dir='ltr'>posuimus</span> <span class='ocrx_word' id='word_1_32' title='bbox 962 486 1119 549; x_wconf 88' lang='lat' dir='ltr'>dilectum</span> <span class='ocrx_word' id='word_1_33' title='bbox 1141 486 1234 548; x_wconf 93' lang='lat' dir='ltr'>nobis</span> 
     </span>
     <span class='ocr_line' id='line_1_5' title="bbox 80 579 1233 665; baseline -0.004 -17"><span class='ocrx_word' id='word_1_34' title='bbox 80 584 116 647; x_wconf 92' lang='lat' dir='ltr'>in</span> <span class='ocrx_word' id='word_1_35' title='bbox 137 582 268 647; x_wconf 87' lang='lat' dir='ltr'>Christo</span> <span class='ocrx_word' id='word_1_36' title='bbox 291 580 557 662; x_wconf 73' lang='lat' dir='ltr'>christophorum</span> <span class='ocrx_word' id='word_1_37' title='bbox 579 579 675 642; x_wconf 88' lang='lat' dir='ltr'>Rawe</span> <span class='ocrx_word' id='word_1_38' title='bbox 697 585 842 643; x_wconf 90' lang='lat' dir='ltr'>nostrum</span> <span class='ocrx_word' id='word_1_39' title='bbox 860 602 972 643; x_wconf 87' lang='lat' dir='ltr'>verum</span> <span class='ocrx_word' id='word_1_40' title='bbox 994 586 1028 643; x_wconf 92' lang='lat' dir='ltr'>et</span> <span class='ocrx_word' id='word_1_41' title='bbox 1049 582 1233 665; x_wconf 87' lang='lat' dir='ltr'>legitimum</span> 
     </span>
    </p>
   </div>
   <div class='ocr_carea' id='block_1_3' title="bbox 81 675 1393 1243">
    <p class='ocr_par' dir='ltr' id='par_1_3' title="bbox 81 675 1234 854">
     <span class='ocr_line' id='line_1_6' title="bbox 81 675 1234 759; baseline -0.004 -16"><span class='ocrx_word' id='word_1_42' title='bbox 81 683 296 754; x_wconf 85' lang='lat' dir='ltr'>attornatum,</span> <span class='ocrx_word' id='word_1_43' title='bbox 312 696 387 740; x_wconf 90' lang='lat' dir='ltr'>cum</span> <span class='ocrx_word' id='word_1_44' title='bbox 402 682 437 738; x_wconf 90' lang='lat' dir='ltr'>et</span> <span class='ocrx_word' id='word_1_45' title='bbox 450 676 486 738; x_wconf 92' lang='lat' dir='ltr'>in</span> <span class='ocrx_word' id='word_1_46' title='bbox 501 675 597 757; x_wconf 90' lang='lat' dir='ltr'>plena</span> <span class='ocrx_word' id='word_1_47' title='bbox 611 680 771 758; x_wconf 77' lang='lat' dir='ltr'><strong>potestate</strong></span> <span class='ocrx_word' id='word_1_48' title='bbox 786 683 895 739; x_wconf 88' lang='lat' dir='ltr'>nostra</span> <span class='ocrx_word' id='word_1_49' title='bbox 914 682 1021 739; x_wconf 88' lang='lat' dir='ltr'>ratum</span> <span class='ocrx_word' id='word_1_50' title='bbox 1045 683 1081 739; x_wconf 93' lang='lat' dir='ltr'>et</span> <span class='ocrx_word' id='word_1_51' title='bbox 1103 684 1234 759; x_wconf 85' lang='lat' dir='ltr'>gratum</span> 
     </span>
     <span class='ocr_line' id='line_1_7' title="bbox 81 771 1234 854; baseline -0.003 -16"><span class='ocrx_word' id='word_1_52' title='bbox 81 774 240 838; x_wconf 85' lang='lat' dir='ltr'>babentes</span> <span class='ocrx_word' id='word_1_53' title='bbox 254 777 290 835; x_wconf 90' lang='lat' dir='ltr'>et</span> <span class='ocrx_word' id='word_1_54' title='bbox 304 771 448 835; x_wconf 86' lang='lat' dir='ltr'>habituri</span> <span class='ocrx_word' id='word_1_55' title='bbox 462 775 569 833; x_wconf 88' lang='lat' dir='ltr'>totum</span> <span class='ocrx_word' id='word_1_56' title='bbox 592 775 626 833; x_wconf 90' lang='lat' dir='ltr'>et</span> <span class='ocrx_word' id='word_1_57' title='bbox 641 771 793 854; x_wconf 85' lang='lat' dir='ltr'>quiequid</span> <span class='ocrx_word' id='word_1_58' title='bbox 808 771 915 835; x_wconf 90' lang='lat' dir='ltr'>dictus</span> <span class='ocrx_word' id='word_1_59' title='bbox 930 777 1112 835; x_wconf 79' lang='lat' dir='ltr'>attornatus</span> <span class='ocrx_word' id='word_1_60' title='bbox 1126 777 1234 835; x_wconf 88' lang='lat' dir='ltr'>noster</span> 
     </span>
    </p>

    <p class='ocr_par' dir='ltr' id='par_1_4' title="bbox 83 868 1235 1048">
     <span class='ocr_line' id='line_1_8' title="bbox 83 868 1235 955; baseline -0.001 -23"><span class='ocrx_word' id='word_1_61' title='bbox 83 890 140 955; x_wconf 85' lang='lat' dir='ltr'>per</span> <span class='ocrx_word' id='word_1_62' title='bbox 152 890 215 933; x_wconf 89' lang='lat' dir='ltr'>nos</span> <span class='ocrx_word' id='word_1_63' title='bbox 228 874 288 931; x_wconf 89' lang='lat' dir='ltr'>aut</span> <span class='ocrx_word' id='word_1_64' title='bbox 301 869 434 931; x_wconf 92' lang='lat' dir='ltr'>nomine</span> <span class='ocrx_word' id='word_1_65' title='bbox 448 873 556 930; x_wconf 89' lang='lat' dir='ltr'>nostro</span> <span class='ocrx_word' id='word_1_66' title='bbox 571 868 685 930; x_wconf 84' lang='lat' dir='ltr'>fecerit</span> <span class='ocrx_word' id='word_1_67' title='bbox 695 869 730 930; x_wconf 95' lang='lat' dir='ltr'>in</span> <span class='ocrx_word' id='word_1_68' title='bbox 744 869 924 950; x_wconf 78' lang='lat' dir='ltr'>praemissis.</span> <span class='ocrx_word' id='word_1_69' title='bbox 952 869 992 930; x_wconf 91' lang='lat' dir='ltr'>In</span> <span class='ocrx_word' id='word_1_70' title='bbox 1007 869 1058 952; x_wconf 88' lang='lat' dir='ltr'>cuj</span> <span class='ocrx_word' id='word_1_71' title='bbox 1062 890 1099 931; x_wconf 92' lang='lat' dir='ltr'>us</span> <span class='ocrx_word' id='word_1_72' title='bbox 1110 871 1157 931; x_wconf 88' lang='lat' dir='ltr'>rei</span> <span class='ocrx_word' id='word_1_73' title='bbox 1169 874 1235 931; x_wconf 92' lang='lat' dir='ltr'>tes-</span> 
     </span>
     <span class='ocr_line' id='line_1_9' title="bbox 83 965 1233 1048; baseline -0.002 -17"><span class='ocrx_word' id='word_1_74' title='bbox 83 967 259 1031; x_wconf 90' lang='lat' dir='ltr'>timonium</span> <span class='ocrx_word' id='word_1_75' title='bbox 281 966 314 1027; x_wconf 93' lang='lat' dir='ltr'>h.</span> <span class='ocrx_word' id='word_1_76' title='bbox 331 986 363 1048; x_wconf 89' lang='lat' dir='ltr'>p.</span> <span class='ocrx_word' id='word_1_77' title='bbox 379 986 407 1028; x_wconf 89' lang='lat' dir='ltr'>o.</span> <span class='ocrx_word' id='word_1_78' title='bbox 422 984 455 1027; x_wconf 93' lang='lat' dir='ltr'>n.</span> <span class='ocrx_word' id='word_1_79' title='bbox 470 967 606 1047; x_wconf 91' lang='lat' dir='ltr'>uterque</span> <span class='ocrx_word' id='word_1_80' title='bbox 628 970 774 1027; x_wconf 89' lang='lat' dir='ltr'>nostrum</span> <span class='ocrx_word' id='word_1_81' title='bbox 797 965 941 1047; x_wconf 86' lang='lat' dir='ltr'>sigillum</span> <span class='ocrx_word' id='word_1_82' title='bbox 955 986 1048 1027; x_wconf 91' lang='lat' dir='ltr'>suum</span> <span class='ocrx_word' id='word_1_83' title='bbox 1074 967 1233 1048; x_wconf 90' lang='lat' dir='ltr'>apposuit.</span> 
     </span>
    </p>

    <p class='ocr_par' dir='ltr' id='par_1_5' title="bbox 83 1057 1393 1243">
     <span class='ocr_line' id='line_1_10' title="bbox 83 1057 1326 1146; baseline -0.001 -21"><span class='ocrx_word' id='word_1_84' title='bbox 83 1060 208 1125; x_wconf 86' lang='lat' dir='ltr'>Datum</span> <span class='ocrx_word' id='word_1_85' title='bbox 222 1060 310 1143; x_wconf 89' lang='lat' dir='ltr'>apud</span> <span class='ocrx_word' id='word_1_86' title='bbox 324 1059 453 1122; x_wconf 86' lang='lat' dir='ltr'>Novum</span> <span class='ocrx_word' id='word_1_87' title='bbox 468 1057 616 1123; x_wconf 81' lang='lat' dir='ltr'>Castrum</span> <span class='ocrx_word' id='word_1_88' title='bbox 630 1058 703 1122; x_wconf 92' lang='lat' dir='ltr'>die¹</span> <span class='ocrx_word' id='word_1_89' title='bbox 721 1060 840 1122; x_wconf 83' lang='lat' dir='ltr'>mensis</span> <span class='ocrx_word' id='word_1_90' title='bbox 855 1060 938 1121; x_wconf 89' lang='lat' dir='ltr'>Maii</span> <span class='ocrx_word' id='word_1_91' title='bbox 952 1080 1037 1140; x_wconf 84' lang='lat' dir='ltr'>anno</span> <span class='ocrx_word' id='word_1_92' title='bbox 1052 1061 1138 1140; x_wconf 75' lang='lat' dir='ltr'>regis</span> <span class='ocrx_word' id='word_1_93' title='bbox 1153 1059 1233 1146; x_wconf 78' lang='lat' dir='ltr'>(sia)</span> <span class='ocrx_word' id='word_1_94' title='bbox 1257 1073 1326 1140; x_wconf 74' lang='lat' dir='ltr'>May,</span> 
     </span>
     <span class='ocr_line' id='line_1_11' title="bbox 83 1143 1393 1243; baseline -0.002 -23"><span class='ocrx_word' id='word_1_95' title='bbox 83 1159 168 1243; x_wconf 81' lang='lat' dir='ltr'>regis</span> <span class='ocrx_word' id='word_1_96' title='bbox 183 1157 322 1220; x_wconf 87' lang='lat' dir='ltr'>Henrici</span> <span class='ocrx_word' id='word_1_97' title='bbox 337 1155 468 1238; x_wconf 86' lang='lat' dir='ltr'><strong>septimi</strong></span> <span class='ocrx_word' id='word_1_98' title='bbox 485 1159 558 1238; x_wconf 91' lang='lat' dir='ltr'>post</span> <span class='ocrx_word' id='word_1_99' title='bbox 571 1162 790 1237; x_wconf 88' lang='lat' dir='ltr'>conquaestum</span> <span class='ocrx_word' id='word_1_100' title='bbox 806 1155 933 1237; x_wconf 84' lang='lat' dir='ltr'>Angliae</span> <span class='ocrx_word' id='word_1_101' title='bbox 948 1161 1072 1238; x_wconf 90' lang='lat' dir='ltr'>quarto.</span> <span class='ocrx_word' id='word_1_102' title='bbox 1256 1155 1308 1191; x_wconf 60' lang='grc' dir='ltr'>Μ’·</span> <span class='ocrx_word' id='word_1_103' title='bbox 1322 1143 1393 1193; x_wconf 72' lang='lat'><strong>¹4⁸⁹·</strong></span> 
     </span>
    </p>
   </div>
   <div class='ocr_carea' id='block_1_4' title="bbox 85 1330 1409 4188">
    <p class='ocr_par' dir='ltr' id='par_1_6' title="bbox 85 1330 1409 4188">
     <span class='ocr_line' id='line_1_12' title="bbox 149 1330 1391 1412; baseline -0.005 -16"><span class='ocrx_word' id='word_1_104' title='bbox 149 1330 312 1397; x_wconf 89' lang='lat' dir='ltr'>Omnibus</span> <span class='ocrx_word' id='word_1_105' title='bbox 342 1331 403 1393; x_wconf 88' lang='lat' dir='ltr'>hoc</span> <span class='ocrx_word' id='word_1_106' title='bbox 433 1331 591 1412; x_wconf 88' lang='lat' dir='ltr'>scriptum</span> <span class='ocrx_word' id='word_1_107' title='bbox 620 1331 735 1393; x_wconf 88' lang='lat' dir='ltr'>visuris</span> <span class='ocrx_word' id='word_1_108' title='bbox 765 1330 817 1392; x_wconf 90' lang='lat' dir='ltr'>vel</span> <span class='ocrx_word' id='word_1_109' title='bbox 847 1332 1019 1407; x_wconf 85' lang='lat' dir='ltr'>audituris,</span> <span class='ocrx_word' id='word_1_110' title='bbox 1047 1331 1232 1394; x_wconf 90' lang='lat' dir='ltr'>Willelmus</span> <span class='ocrx_word' id='word_1_111' title='bbox 1256 1341 1391 1398; x_wconf 75' lang='lat' dir='ltr'>Quiulaim</span> 
     </span>
     <span class='ocr_line' id='line_1_13' title="bbox 85 1408 1409 1525; baseline -0.002 -32"><span class='ocrx_word' id='word_1_112' title='bbox 85 1429 248 1493; x_wconf 77' lang='lat' dir='ltr'>l&#39;lromson</span> <span class='ocrx_word' id='word_1_113' title='bbox 264 1431 423 1489; x_wconf 87' lang='lat' dir='ltr'>mercator</span> <span class='ocrx_word' id='word_1_114' title='bbox 437 1426 521 1488; x_wconf 79' lang='lat' dir='ltr'>Novi</span> <span class='ocrx_word' id='word_1_115' title='bbox 536 1424 640 1490; x_wconf 75' lang='lat' dir='ltr'>castri</span> <span class='ocrx_word' id='word_1_116' title='bbox 655 1425 875 1508; x_wconf 79' lang='lat' dir='ltr'>supcr&#39;I&#39;inam</span> <span class='ocrx_word' id='word_1_117' title='bbox 890 1433 924 1489; x_wconf 92' lang='lat' dir='ltr'>et</span> <span class='ocrx_word' id='word_1_118' title='bbox 935 1428 1041 1509; x_wconf 76' lang='lat' dir='ltr'>Agnes</span> <span class='ocrx_word' id='word_1_119' title='bbox 1056 1447 1134 1490; x_wconf 86' lang='lat' dir='ltr'>uxor</span> <span class='ocrx_word' id='word_1_120' title='bbox 1149 1428 1234 1510; x_wconf 88' lang='lat' dir='ltr'>ejus·</span> <span class='ocrx_word' id='word_1_121' title='bbox 1257 1408 1409 1525; x_wconf 52' lang='grc' dir='ltr'>ξῇξξξοῗξῑ</span> 
     </span>
     <span class='ocr_line' id='line_1_14' title="bbox 86 1521 1235 1604; baseline -0.002 -17"><span class='ocrx_word' id='word_1_122' title='bbox 86 1525 174 1602; x_wconf 88' lang='lat' dir='ltr'>dem,</span> <span class='ocrx_word' id='word_1_123' title='bbox 188 1523 327 1587; x_wconf 86' lang='lat' dir='ltr'>salutem</span> <span class='ocrx_word' id='word_1_124' title='bbox 345 1523 381 1584; x_wconf 93' lang='lat' dir='ltr'>in</span> <span class='ocrx_word' id='word_1_125' title='bbox 402 1521 543 1584; x_wconf 91' lang='lat' dir='ltr'>Domino</span> <span class='ocrx_word' id='word_1_126' title='bbox 565 1522 802 1604; x_wconf 90' lang='lat' dir='ltr'>sempiternam.</span> <span class='ocrx_word' id='word_1_127' title='bbox 848 1521 930 1586; x_wconf 87' lang='lat' dir='ltr'>Cum</span> <span class='ocrx_word' id='word_1_128' title='bbox 953 1523 1110 1586; x_wconf 88' lang='lat' dir='ltr'>Robertus</span> <span class='ocrx_word' id='word_1_129' title='bbox 1136 1524 1235 1586; x_wconf 84' lang='lat' dir='ltr'>abbas</span> 
     </span>
     <span class='ocr_line' id='line_1_15' title="bbox 85 1615 1235 1700; baseline -0.003 -17"><span class='ocrx_word' id='word_1_130' title='bbox 85 1618 173 1683; x_wconf 81' lang='lat' dir='ltr'>Novi</span> <span class='ocrx_word' id='word_1_131' title='bbox 195 1618 287 1681; x_wconf 85' lang='lat' dir='ltr'>Mon.</span> <span class='ocrx_word' id='word_1_132' title='bbox 299 1617 395 1700; x_wconf 87' lang='lat' dir='ltr'>juxta</span> <span class='ocrx_word' id='word_1_133' title='bbox 412 1615 577 1699; x_wconf 90' lang='lat' dir='ltr'>Morpath‚</span> <span class='ocrx_word' id='word_1_134' title='bbox 592 1621 628 1679; x_wconf 89' lang='lat' dir='ltr'>et</span> <span class='ocrx_word' id='word_1_135' title='bbox 649 1615 794 1699; x_wconf 89' lang='lat' dir='ltr'>ejusdem</span> <span class='ocrx_word' id='word_1_136' title='bbox 814 1618 875 1680; x_wconf 87' lang='lat' dir='ltr'>loci</span> <span class='ocrx_word' id='word_1_137' title='bbox 899 1622 1073 1681; x_wconf 91' lang='lat' dir='ltr'>conventus</span> <span class='ocrx_word' id='word_1_138' title='bbox 1095 1619 1235 1681; x_wconf 88' lang='lat' dir='ltr'>habeant</span> 
     </span>
     <span class='ocr_line' id='line_1_16' title="bbox 86 1712 1235 1796; baseline -0.003 -17"><span class='ocrx_word' id='word_1_139' title='bbox 86 1720 120 1779; x_wconf 89' lang='lat' dir='ltr'>et</span> <span class='ocrx_word' id='word_1_140' title='bbox 129 1719 266 1778; x_wconf 76' lang='lat' dir='ltr'><strong>teneant</strong></span> <span class='ocrx_word' id='word_1_141' title='bbox 277 1715 325 1777; x_wconf 87' lang='lat' dir='ltr'>eis</span> <span class='ocrx_word' id='word_1_142' title='bbox 335 1718 370 1775; x_wconf 91' lang='lat' dir='ltr'>et</span> <span class='ocrx_word' id='word_1_143' title='bbox 381 1712 446 1775; x_wconf 86' lang='lat' dir='ltr'>suis</span> <span class='ocrx_word' id='word_1_144' title='bbox 457 1712 688 1776; x_wconf 85' lang='lat' dir='ltr'>successoribus</span> <span class='ocrx_word' id='word_1_145' title='bbox 699 1715 809 1775; x_wconf 89' lang='lat' dir='ltr'>omnia</span> <span class='ocrx_word' id='word_1_146' title='bbox 820 1719 896 1775; x_wconf 89' lang='lat' dir='ltr'>terr.</span> <span class='ocrx_word' id='word_1_147' title='bbox 906 1720 941 1776; x_wconf 94' lang='lat' dir='ltr'>et</span> <span class='ocrx_word' id='word_1_148' title='bbox 952 1719 1017 1776; x_wconf 89' lang='lat' dir='ltr'>ten.</span> <span class='ocrx_word' id='word_1_149' title='bbox 1027 1716 1062 1776; x_wconf 94' lang='lat' dir='ltr'>in</span> <span class='ocrx_word' id='word_1_150' title='bbox 1075 1713 1235 1796; x_wconf 87' lang='lat' dir='ltr'>Echewylr</span> 
     </span>
     <span class='ocr_line' id='line_1_17' title="bbox 88 1807 1237 1897; baseline -0.001 -24"><span class='ocrx_word' id='word_1_151' title='bbox 88 1810 175 1897; x_wconf 79' lang='lat' dir='ltr'>infra</span> <span class='ocrx_word' id='word_1_152' title='bbox 201 1809 395 1872; x_wconf 87' lang='lat' dir='ltr'>comitatum</span> <span class='ocrx_word' id='word_1_153' title='bbox 419 1807 661 1871; x_wconf 86' lang='lat' dir='ltr'>Northumbriae</span> <span class='ocrx_word' id='word_1_154' title='bbox 688 1809 899 1895; x_wconf 85' lang='lat' dir='ltr'>cum(101b)</span> <span class='ocrx_word' id='word_1_155' title='bbox 923 1809 1073 1871; x_wconf 92' lang='lat' dir='ltr'>omnibus</span> <span class='ocrx_word' id='word_1_156' title='bbox 1093 1811 1237 1872; x_wconf 85' lang='lat' dir='ltr'>serviciis</span> 
     </span>
     <span class='ocr_line' id='line_1_18' title="bbox 86 1904 1237 1969; baseline -0.001 0"><span class='ocrx_word' id='word_1_157' title='bbox 86 1904 263 1969; x_wconf 88' lang='lat' dir='ltr'>liberorum</span> <span class='ocrx_word' id='word_1_158' title='bbox 277 1904 463 1967; x_wconf 90' lang='lat' dir='ltr'>tenencium</span> <span class='ocrx_word' id='word_1_159' title='bbox 478 1906 512 1965; x_wconf 92' lang='lat' dir='ltr'>et</span> <span class='ocrx_word' id='word_1_160' title='bbox 526 1904 712 1966; x_wconf 81' lang='lat' dir='ltr'>nativorum</span> <span class='ocrx_word' id='word_1_161' title='bbox 726 1925 801 1966; x_wconf 92' lang='lat' dir='ltr'>curn</span> <span class='ocrx_word' id='word_1_162' title='bbox 815 1925 925 1967; x_wconf 90' lang='lat' dir='ltr'>eorum</span> <span class='ocrx_word' id='word_1_163' title='bbox 935 1905 1126 1967; x_wconf 89' lang='lat' dir='ltr'>omnimodis</span> <span class='ocrx_word' id='word_1_164' title='bbox 1141 1906 1237 1968; x_wconf 91' lang='lat' dir='ltr'>sectis</span> 
     </span>
     <span class='ocr_line' id='line_1_19' title="bbox 87 1997 1236 2082; baseline -0.001 -18"><span class='ocrx_word' id='word_1_165' title='bbox 87 2006 122 2064; x_wconf 88' lang='lat' dir='ltr'>st</span> <span class='ocrx_word' id='word_1_166' title='bbox 135 1998 287 2082; x_wconf 87' lang='lat' dir='ltr'>sequelis,</span> <span class='ocrx_word' id='word_1_167' title='bbox 302 2002 337 2062; x_wconf 92' lang='lat' dir='ltr'>et</span> <span class='ocrx_word' id='word_1_168' title='bbox 351 1998 507 2082; x_wconf 88' lang='lat' dir='ltr'>quioquid</span> <span class='ocrx_word' id='word_1_169' title='bbox 522 1997 619 2062; x_wconf 80' lang='lat' dir='ltr'>dierit</span> <span class='ocrx_word' id='word_1_170' title='bbox 634 1998 756 2061; x_wconf 89' lang='lat' dir='ltr'>ibidem</span> <span class='ocrx_word' id='word_1_171' title='bbox 771 2001 806 2062; x_wconf 94' lang='lat' dir='ltr'>in</span> <span class='ocrx_word' id='word_1_172' title='bbox 821 2000 916 2063; x_wconf 89' lang='lat' dir='ltr'>bosco</span> <span class='ocrx_word' id='word_1_173' title='bbox 939 2000 1022 2061; x_wconf 91' lang='lat' dir='ltr'>etin</span> <span class='ocrx_word' id='word_1_174' title='bbox 1044 1998 1152 2082; x_wconf 88' lang='lat' dir='ltr'>plano,</span> <span class='ocrx_word' id='word_1_175' title='bbox 1166 2006 1236 2063; x_wconf 89' lang='lat' dir='ltr'>tam</span> 
     </span>
     <span class='ocr_line' id='line_1_20' title="bbox 87 2094 1237 2177; baseline 0 -18"><span class='ocrx_word' id='word_1_176' title='bbox 87 2097 122 2159; x_wconf 94' lang='lat' dir='ltr'>in</span> <span class='ocrx_word' id='word_1_177' title='bbox 136 2095 302 2159; x_wconf 89' lang='lat' dir='ltr'>dominico</span> <span class='ocrx_word' id='word_1_178' title='bbox 317 2114 415 2177; x_wconf 88' lang='lat' dir='ltr'>quarn</span> <span class='ocrx_word' id='word_1_179' title='bbox 430 2095 465 2155; x_wconf 94' lang='lat' dir='ltr'>in</span> <span class='ocrx_word' id='word_1_180' title='bbox 481 2094 627 2172; x_wconf 86' lang='lat' dir='ltr'>servicio,</span> <span class='ocrx_word' id='word_1_181' title='bbox 642 2114 707 2156; x_wconf 91' lang='lat' dir='ltr'>una</span> <span class='ocrx_word' id='word_1_182' title='bbox 729 2115 803 2157; x_wconf 90' lang='lat' dir='ltr'>curn</span> <span class='ocrx_word' id='word_1_183' title='bbox 826 2096 935 2172; x_wconf 89' lang='lat' dir='ltr'>moris,</span> <span class='ocrx_word' id='word_1_184' title='bbox 950 2097 1111 2172; x_wconf 84' lang='lat' dir='ltr'>marescis,</span> <span class='ocrx_word' id='word_1_185' title='bbox 1126 2096 1237 2159; x_wconf 87' lang='lat' dir='ltr'>turba-</span> 
     </span>
     <span class='ocr_line' id='line_1_21' title="bbox 87 2189 1237 2273; baseline 0.003 -22"><span class='ocrx_word' id='word_1_186' title='bbox 87 2191 155 2267; x_wconf 84' lang='lat' dir='ltr'>riis,</span> <span class='ocrx_word' id='word_1_187' title='bbox 179 2190 325 2273; x_wconf 79' lang='lat' dir='ltr'>petrariis,</span> <span class='ocrx_word' id='word_1_188' title='bbox 345 2189 471 2272; x_wconf 81' lang='lat' dir='ltr'>pascuis</span> <span class='ocrx_word' id='word_1_189' title='bbox 493 2193 526 2250; x_wconf 91' lang='lat' dir='ltr'>et</span> <span class='ocrx_word' id='word_1_190' title='bbox 547 2190 698 2271; x_wconf 84' lang='lat' dir='ltr'>pasturis,</span> <span class='ocrx_word' id='word_1_191' title='bbox 719 2194 752 2252; x_wconf 93' lang='lat' dir='ltr'>et</span> <span class='ocrx_word' id='word_1_192' title='bbox 774 2211 848 2252; x_wconf 91' lang='lat' dir='ltr'>cum</span> <span class='ocrx_word' id='word_1_193' title='bbox 871 2211 956 2253; x_wconf 90' lang='lat' dir='ltr'>omn.</span> <span class='ocrx_word' id='word_1_194' title='bbox 978 2191 1180 2255; x_wconf 85' lang='lat' dir='ltr'>libertatibus</span> <span class='ocrx_word' id='word_1_195' title='bbox 1203 2198 1237 2255; x_wconf 92' lang='lat' dir='ltr'>et</span> 
     </span>
     <span class='ocr_line' id='line_1_22' title="bbox 86 2284 1237 2368; baseline 0 -18"><span class='ocrx_word' id='word_1_196' title='bbox 86 2289 201 2351; x_wconf 84' lang='lat' dir='ltr'>asiam.</span> <span class='ocrx_word' id='word_1_197' title='bbox 215 2285 391 2348; x_wconf 91' lang='lat' dir='ltr'>nominatis</span> <span class='ocrx_word' id='word_1_198' title='bbox 406 2289 440 2347; x_wconf 92' lang='lat' dir='ltr'>et</span> <span class='ocrx_word' id='word_1_199' title='bbox 454 2303 518 2346; x_wconf 92' lang='lat' dir='ltr'>non</span> <span class='ocrx_word' id='word_1_200' title='bbox 534 2285 712 2346; x_wconf 92' lang='lat' dir='ltr'>nominatis</span> <span class='ocrx_word' id='word_1_201' title='bbox 726 2284 767 2347; x_wconf 90' lang='lat' dir='ltr'>ad</span> <span class='ocrx_word' id='word_1_202' title='bbox 782 2286 879 2368; x_wconf 88' lang='lat' dir='ltr'>praed.</span> <span class='ocrx_word' id='word_1_203' title='bbox 896 2292 996 2348; x_wconf 84' lang='lat' dir='ltr'>terras</span> <span class='ocrx_word' id='word_1_204' title='bbox 1007 2291 1041 2349; x_wconf 93' lang='lat' dir='ltr'>et</span> <span class='ocrx_word' id='word_1_205' title='bbox 1051 2294 1237 2350; x_wconf 86' lang='lat' dir='ltr'>tenementa</span> 
     </span>
     <span class='ocr_line' id='line_1_23' title="bbox 88 2379 1237 2466; baseline -0.001 -20"><span class='ocrx_word' id='word_1_206' title='bbox 88 2382 369 2466; x_wconf 80' lang='lat' dir='ltr'>qualitercumque</span> <span class='ocrx_word' id='word_1_207' title='bbox 395 2379 625 2462; x_wconf 84' lang='lat' dir='ltr'>spectantibus,</span> <span class='ocrx_word' id='word_1_208' title='bbox 652 2400 726 2441; x_wconf 92' lang='lat' dir='ltr'>curn</span> <span class='ocrx_word' id='word_1_209' title='bbox 753 2401 838 2445; x_wconf 90' lang='lat' dir='ltr'>omn.</span> <span class='ocrx_word' id='word_1_210' title='bbox 863 2381 938 2444; x_wconf 90' lang='lat' dir='ltr'>aliis</span> <span class='ocrx_word' id='word_1_211' title='bbox 965 2383 1030 2444; x_wconf 91' lang='lat' dir='ltr'>suis</span> <span class='ocrx_word' id='word_1_212' title='bbox 1055 2385 1174 2466; x_wconf 89' lang='lat' dir='ltr'>pertin.</span> <span class='ocrx_word' id='word_1_213' title='bbox 1199 2405 1237 2447; x_wconf 88' lang='lat' dir='ltr'>ex</span> 
     </span>
     <span class='ocr_line' id='line_1_24' title="bbox 87 2473 1238 2560; baseline 0 -18"><span class='ocrx_word' id='word_1_214' title='bbox 87 2479 174 2542; x_wconf 88' lang='lat' dir='ltr'>dono</span> <span class='ocrx_word' id='word_1_215' title='bbox 204 2481 241 2540; x_wconf 89' lang='lat' dir='ltr'>et</span> <span class='ocrx_word' id='word_1_216' title='bbox 270 2477 470 2539; x_wconf 86' lang='lat' dir='ltr'>concessione</span> <span class='ocrx_word' id='word_1_217' title='bbox 498 2473 657 2538; x_wconf 89' lang='lat' dir='ltr'>Johannis</span> <span class='ocrx_word' id='word_1_218' title='bbox 685 2475 851 2539; x_wconf 82' lang='lat' dir='ltr'>Androson</span> <span class='ocrx_word' id='word_1_219' title='bbox 882 2477 1053 2560; x_wconf 85' lang='lat' dir='ltr'>capellani,</span> <span class='ocrx_word' id='word_1_220' title='bbox 1077 2478 1238 2542; x_wconf 90' lang='lat' dir='ltr'>Willelmi</span> 
     </span>
     <span class='ocr_line' id='line_1_25' title="bbox 87 2569 1240 2654; baseline 0.002 -18"><span class='ocrx_word' id='word_1_221' title='bbox 87 2572 192 2636; x_wconf 85' lang='lat' dir='ltr'>Harle</span> <span class='ocrx_word' id='word_1_222' title='bbox 217 2576 253 2634; x_wconf 90' lang='lat' dir='ltr'>et</span> <span class='ocrx_word' id='word_1_223' title='bbox 273 2569 432 2633; x_wconf 90' lang='lat' dir='ltr'>Willelmi</span> <span class='ocrx_word' id='word_1_224' title='bbox 453 2569 527 2652; x_wconf 86' lang='lat' dir='ltr'>Jay‚</span> <span class='ocrx_word' id='word_1_225' title='bbox 550 2569 667 2633; x_wconf 87' lang='lat' dir='ltr'>Sciatis</span> <span class='ocrx_word' id='word_1_226' title='bbox 689 2591 746 2632; x_wconf 87' lang='lat' dir='ltr'>nos</span> <span class='ocrx_word' id='word_1_227' title='bbox 768 2572 892 2654; x_wconf 81' lang='lat' dir='ltr'>praefat.</span> <span class='ocrx_word' id='word_1_228' title='bbox 908 2574 997 2636; x_wconf 91' lang='lat' dir='ltr'>Will.</span> <span class='ocrx_word' id='word_1_229' title='bbox 1020 2576 1181 2637; x_wconf 86' lang='lat' dir='ltr'>Thomeon</span> <span class='ocrx_word' id='word_1_230' title='bbox 1204 2581 1240 2638; x_wconf 91' lang='lat' dir='ltr'>et</span> 
     </span>
     <span class='ocr_line' id='line_1_26' title="bbox 88 2665 1240 2752; baseline 0.003 -23"><span class='ocrx_word' id='word_1_231' title='bbox 88 2670 252 2752; x_wconf 78' lang='lat' dir='ltr'>Agnetem</span> <span class='ocrx_word' id='word_1_232' title='bbox 266 2687 399 2729; x_wconf 88' lang='lat' dir='ltr'>uxorem</span> <span class='ocrx_word' id='word_1_233' title='bbox 413 2686 472 2748; x_wconf 95' lang='lat' dir='ltr'>pro</span> <span class='ocrx_word' id='word_1_234' title='bbox 487 2665 580 2727; x_wconf 92' lang='lat' dir='ltr'>nobis</span> <span class='ocrx_word' id='word_1_235' title='bbox 595 2670 629 2727; x_wconf 92' lang='lat' dir='ltr'>et</span> <span class='ocrx_word' id='word_1_236' title='bbox 644 2666 814 2729; x_wconf 90' lang='lat' dir='ltr'>heredibus</span> <span class='ocrx_word' id='word_1_237' title='bbox 829 2670 947 2731; x_wconf 89' lang='lat' dir='ltr'>nostrie</span> <span class='ocrx_word' id='word_1_238' title='bbox 963 2675 1084 2732; x_wconf 88' lang='lat' dir='ltr'>statum</span> <span class='ocrx_word' id='word_1_239' title='bbox 1100 2675 1134 2733; x_wconf 90' lang='lat' dir='ltr'>et</span> <span class='ocrx_word' id='word_1_240' title='bbox 1150 2672 1240 2734; x_wconf 89' lang='lat' dir='ltr'>seisi-</span> 
     </span>
     <span class='ocr_line' id='line_1_27' title="bbox 88 2760 1240 2844; baseline 0.003 -19"><span class='ocrx_word' id='word_1_241' title='bbox 88 2782 167 2826; x_wconf 83' lang='lat' dir='ltr'>nam</span> <span class='ocrx_word' id='word_1_242' title='bbox 179 2765 214 2825; x_wconf 89' lang='lat' dir='ltr'>et</span> <span class='ocrx_word' id='word_1_243' title='bbox 228 2761 459 2844; x_wconf 83' lang='lat' dir='ltr'>possessionem</span> <span class='ocrx_word' id='word_1_244' title='bbox 472 2760 634 2822; x_wconf 89' lang='lat' dir='ltr'>dictorum</span> <span class='ocrx_word' id='word_1_245' title='bbox 652 2761 779 2824; x_wconf 88' lang='lat' dir='ltr'>abbatis</span> <span class='ocrx_word' id='word_1_246' title='bbox 794 2768 827 2825; x_wconf 91' lang='lat' dir='ltr'>et</span> <span class='ocrx_word' id='word_1_247' title='bbox 842 2770 1018 2827; x_wconf 86' lang='lat' dir='ltr'>conventus</span> <span class='ocrx_word' id='word_1_248' title='bbox 1033 2768 1068 2827; x_wconf 91' lang='lat' dir='ltr'>in</span> <span class='ocrx_word' id='word_1_249' title='bbox 1091 2768 1240 2830; x_wconf 88' lang='lat' dir='ltr'>omnibus</span> 
     </span>
     <span class='ocr_line' id='line_1_28' title="bbox 90 2857 1240 2944; baseline 0.003 -24"><span class='ocrx_word' id='word_1_250' title='bbox 90 2858 257 2944; x_wconf 72' lang='lat' dir='ltr'>praedictis</span> <span class='ocrx_word' id='word_1_251' title='bbox 278 2861 312 2919; x_wconf 92' lang='lat' dir='ltr'>et</span> <span class='ocrx_word' id='word_1_252' title='bbox 326 2857 533 2934; x_wconf 86' lang='lat' dir='ltr'>tenementis,</span> <span class='ocrx_word' id='word_1_253' title='bbox 547 2877 622 2919; x_wconf 88' lang='lat' dir='ltr'>cum</span> <span class='ocrx_word' id='word_1_254' title='bbox 638 2877 724 2919; x_wconf 92' lang='lat' dir='ltr'>omn.</span> <span class='ocrx_word' id='word_1_255' title='bbox 740 2858 944 2922; x_wconf 85' lang='lat' dir='ltr'>libertatibus</span> <span class='ocrx_word' id='word_1_256' title='bbox 959 2866 993 2922; x_wconf 93' lang='lat' dir='ltr'>et</span> <span class='ocrx_word' id='word_1_257' title='bbox 1007 2863 1118 2924; x_wconf 90' lang='lat' dir='ltr'>asiam.</span> <span class='ocrx_word' id='word_1_258' title='bbox 1135 2864 1240 2924; x_wconf 90' lang='lat' dir='ltr'>nomi-</span> 
     </span>
     <span class='ocr_line' id='line_1_29' title="bbox 90 2951 1240 3039; baseline 0.003 -22"><span class='ocrx_word' id='word_1_259' title='bbox 90 2954 177 3017; x_wconf 88' lang='lat' dir='ltr'>natis</span> <span class='ocrx_word' id='word_1_260' title='bbox 192 2958 228 3016; x_wconf 90' lang='lat' dir='ltr'>et</span> <span class='ocrx_word' id='word_1_261' title='bbox 241 2972 308 3014; x_wconf 93' lang='lat' dir='ltr'>non</span> <span class='ocrx_word' id='word_1_262' title='bbox 321 2952 496 3014; x_wconf 90' lang='lat' dir='ltr'>nominatis</span> <span class='ocrx_word' id='word_1_263' title='bbox 510 2951 551 3013; x_wconf 93' lang='lat' dir='ltr'>ad</span> <span class='ocrx_word' id='word_1_264' title='bbox 566 2953 721 3035; x_wconf 87' lang='lat' dir='ltr'>praedicta</span> <span class='ocrx_word' id='word_1_265' title='bbox 730 2957 831 3016; x_wconf 85' lang='lat' dir='ltr'>terras</span> <span class='ocrx_word' id='word_1_266' title='bbox 841 2959 874 3016; x_wconf 91' lang='lat' dir='ltr'>et</span> <span class='ocrx_word' id='word_1_267' title='bbox 885 2962 1070 3019; x_wconf 90' lang='lat' dir='ltr'>tenementa</span> <span class='ocrx_word' id='word_1_268' title='bbox 1084 2959 1240 3039; x_wconf 84' lang='lat' dir='ltr'>qualiter-</span> 
     </span>
     <span class='ocr_line' id='line_1_30' title="bbox 90 3046 1240 3133; baseline 0.003 -22"><span class='ocrx_word' id='word_1_269' title='bbox 90 3069 230 3132; x_wconf 76' lang='lat' dir='ltr'>cumque</span> <span class='ocrx_word' id='word_1_270' title='bbox 259 3046 489 3130; x_wconf 84' lang='lat' dir='ltr'>spectantibus,</span> <span class='ocrx_word' id='word_1_271' title='bbox 519 3052 553 3109; x_wconf 90' lang='lat' dir='ltr'>et</span> <span class='ocrx_word' id='word_1_272' title='bbox 582 3068 656 3110; x_wconf 85' lang='lat' dir='ltr'>eum</span> <span class='ocrx_word' id='word_1_273' title='bbox 690 3069 777 3112; x_wconf 92' lang='lat' dir='ltr'>omn.</span> <span class='ocrx_word' id='word_1_274' title='bbox 807 3050 881 3112; x_wconf 88' lang='lat' dir='ltr'>aliis</span> <span class='ocrx_word' id='word_1_275' title='bbox 918 3052 982 3112; x_wconf 89' lang='lat' dir='ltr'>suis</span> <span class='ocrx_word' id='word_1_276' title='bbox 1019 3053 1240 3133; x_wconf 81' lang='lat' dir='ltr'>pertinenciis,</span> 
     </span>
     <span class='ocr_line' id='line_1_31' title="bbox 90 3142 1240 3230; baseline 0.003 -23"><span class='ocrx_word' id='word_1_277' title='bbox 90 3144 277 3220; x_wconf 85' lang='lat' dir='ltr'>ratifioasse,</span> <span class='ocrx_word' id='word_1_278' title='bbox 292 3142 492 3225; x_wconf 88' lang='lat' dir='ltr'>approbasse,</span> <span class='ocrx_word' id='word_1_279' title='bbox 507 3143 616 3225; x_wconf 90' lang='lat' dir='ltr'>eisque</span> <span class='ocrx_word' id='word_1_280' title='bbox 630 3151 664 3205; x_wconf 92' lang='lat' dir='ltr'>et</span> <span class='ocrx_word' id='word_1_281' title='bbox 679 3144 744 3208; x_wconf 90' lang='lat' dir='ltr'>suis</span> <span class='ocrx_word' id='word_1_282' title='bbox 759 3145 987 3207; x_wconf 85' lang='lat' dir='ltr'>successoribus</span> <span class='ocrx_word' id='word_1_283' title='bbox 1002 3147 1240 3230; x_wconf 88' lang='lat' dir='ltr'>imperpetuum</span> 
     </span>
     <span class='ocr_line' id='line_1_32' title="bbox 91 3237 1242 3323; baseline 0.003 -21"><span class='ocrx_word' id='word_1_284' title='bbox 91 3239 305 3302; x_wconf 86' lang='lat' dir='ltr'>confirmasse.</span> <span class='ocrx_word' id='word_1_285' title='bbox 360 3237 405 3299; x_wconf 87' lang='lat' dir='ltr'>Et</span> <span class='ocrx_word' id='word_1_286' title='bbox 426 3237 572 3313; x_wconf 89' lang='lat' dir='ltr'>ulterius,</span> <span class='ocrx_word' id='word_1_287' title='bbox 594 3239 704 3301; x_wconf 88' lang='lat' dir='ltr'>sciatis</span> <span class='ocrx_word' id='word_1_288' title='bbox 725 3259 782 3301; x_wconf 91' lang='lat' dir='ltr'>nos</span> <span class='ocrx_word' id='word_1_289' title='bbox 804 3241 892 3323; x_wconf 85' lang='lat' dir='ltr'>praef.</span> <span class='ocrx_word' id='word_1_290' title='bbox 909 3241 999 3303; x_wconf 91' lang='lat' dir='ltr'>Will.</span> <span class='ocrx_word' id='word_1_291' title='bbox 1024 3243 1183 3306; x_wconf 80' lang='lat' dir='ltr'>Thomson</span> <span class='ocrx_word' id='word_1_292' title='bbox 1206 3250 1242 3306; x_wconf 89' lang='lat' dir='ltr'>et</span> 
     </span>
     <span class='ocr_line' id='line_1_33' title="bbox 92 3333 1241 3420; baseline 0.005 -24"><span class='ocrx_word' id='word_1_293' title='bbox 92 3335 255 3418; x_wconf 78' lang='lat' dir='ltr'>Agnetem</span> <span class='ocrx_word' id='word_1_294' title='bbox 269 3351 401 3396; x_wconf 89' lang='lat' dir='ltr'>uxorem</span> <span class='ocrx_word' id='word_1_295' title='bbox 416 3352 521 3395; x_wconf 89' lang='lat' dir='ltr'>meam</span> <span class='ocrx_word' id='word_1_296' title='bbox 536 3333 704 3410; x_wconf 90' lang='lat' dir='ltr'>remisisse,</span> <span class='ocrx_word' id='word_1_297' title='bbox 716 3334 871 3399; x_wconf 83' lang='lat' dir='ltr'>relaxasse</span> <span class='ocrx_word' id='word_1_298' title='bbox 882 3341 917 3399; x_wconf 89' lang='lat' dir='ltr'>et</span> <span class='ocrx_word' id='word_1_299' title='bbox 936 3338 1065 3399; x_wconf 92' lang='lat' dir='ltr'>omnino</span> <span class='ocrx_word' id='word_1_300' title='bbox 1080 3358 1138 3420; x_wconf 94' lang='lat' dir='ltr'>pro</span> <span class='ocrx_word' id='word_1_301' title='bbox 1148 3340 1241 3402; x_wconf 87' lang='lat' dir='ltr'>nobis</span> 
     </span>
     <span class='ocr_line' id='line_1_34' title="bbox 92 3428 1242 3514; baseline 0.004 -21"><span class='ocrx_word' id='word_1_302' title='bbox 92 3435 127 3494; x_wconf 89' lang='lat' dir='ltr'>et</span> <span class='ocrx_word' id='word_1_303' title='bbox 140 3428 312 3493; x_wconf 87' lang='lat' dir='ltr'>heredibus</span> <span class='ocrx_word' id='word_1_304' title='bbox 325 3429 442 3490; x_wconf 88' lang='lat' dir='ltr'>nostris</span> <span class='ocrx_word' id='word_1_305' title='bbox 457 3429 605 3511; x_wconf 90' lang='lat' dir='ltr'>quietum</span> <span class='ocrx_word' id='word_1_306' title='bbox 627 3429 778 3492; x_wconf 86' lang='lat' dir='ltr'>clamasse</span> <span class='ocrx_word' id='word_1_307' title='bbox 800 3435 907 3493; x_wconf 91' lang='lat' dir='ltr'>totum</span> <span class='ocrx_word' id='word_1_308' title='bbox 924 3431 991 3514; x_wconf 92' lang='lat' dir='ltr'>jus,</span> <span class='ocrx_word' id='word_1_309' title='bbox 1006 3434 1168 3511; x_wconf 87' lang='lat' dir='ltr'>interesse,</span> <span class='ocrx_word' id='word_1_310' title='bbox 1184 3442 1242 3498; x_wconf 90' lang='lat' dir='ltr'>aut</span> 
     </span>
     <span class='ocr_line' id='line_1_35' title="bbox 92 3523 1241 3607; baseline 0.004 -19"><span class='ocrx_word' id='word_1_311' title='bbox 92 3524 263 3599; x_wconf 76' lang='lat' dir='ltr'>clamem,</span> <span class='ocrx_word' id='word_1_312' title='bbox 278 3542 350 3607; x_wconf 84' lang='lat' dir='ltr'>quae</span> <span class='ocrx_word' id='word_1_313' title='bbox 363 3542 422 3585; x_wconf 89' lang='lat' dir='ltr'>nos</span> <span class='ocrx_word' id='word_1_314' title='bbox 439 3523 564 3605; x_wconf 84' lang='lat' dir='ltr'>praeiat.</span> <span class='ocrx_word' id='word_1_315' title='bbox 581 3523 723 3586; x_wconf 75' lang='lat' dir='ltr'>willer</span> <span class='ocrx_word' id='word_1_316' title='bbox 746 3525 851 3607; x_wconf 81' lang='lat' dir='ltr'>Agnes</span> <span class='ocrx_word' id='word_1_317' title='bbox 873 3548 951 3590; x_wconf 86' lang='lat' dir='ltr'>uxor</span> <span class='ocrx_word' id='word_1_318' title='bbox 967 3550 1040 3592; x_wconf 91' lang='lat' dir='ltr'>mea</span> <span class='ocrx_word' id='word_1_319' title='bbox 1060 3530 1241 3607; x_wconf 88' lang='lat' dir='ltr'>habuimus,</span> 
     </span>
     <span class='ocr_line' id='line_1_36' title="bbox 91 3616 1242 3707; baseline 0.005 -25"><span class='ocrx_word' id='word_1_320' title='bbox 91 3618 258 3694; x_wconf 89' lang='lat' dir='ltr'>habemus,</span> <span class='ocrx_word' id='word_1_321' title='bbox 269 3638 324 3680; x_wconf 93' lang='lat' dir='ltr'>seu</span> <span class='ocrx_word' id='word_1_322' title='bbox 338 3637 395 3679; x_wconf 93' lang='lat' dir='ltr'>nos</span> <span class='ocrx_word' id='word_1_323' title='bbox 409 3623 467 3680; x_wconf 91' lang='lat' dir='ltr'>aut</span> <span class='ocrx_word' id='word_1_324' title='bbox 481 3616 612 3680; x_wconf 86' lang='lat' dir='ltr'>heredes</span> <span class='ocrx_word' id='word_1_325' title='bbox 626 3619 727 3681; x_wconf 86' lang='lat' dir='ltr'>nostri</span> <span class='ocrx_word' id='word_1_326' title='bbox 735 3620 770 3681; x_wconf 93' lang='lat' dir='ltr'>in</span> <span class='ocrx_word' id='word_1_327' title='bbox 784 3619 928 3684; x_wconf 80' lang='lat' dir='ltr'>futurum</span> <span class='ocrx_word' id='word_1_328' title='bbox 937 3624 1055 3686; x_wconf 89' lang='lat' dir='ltr'>habere</span> <span class='ocrx_word' id='word_1_329' title='bbox 1066 3626 1242 3707; x_wconf 89' lang='lat' dir='ltr'>poterimus</span> 
     </span>
     <span class='ocr_line' id='line_1_37' title="bbox 93 3711 1243 3802; baseline 0.007 -26"><span class='ocrx_word' id='word_1_330' title='bbox 93 3714 130 3776; x_wconf 93' lang='lat' dir='ltr'>in</span> <span class='ocrx_word' id='word_1_331' title='bbox 144 3711 293 3776; x_wconf 90' lang='lat' dir='ltr'>omnibus</span> <span class='ocrx_word' id='word_1_332' title='bbox 308 3712 406 3794; x_wconf 83' lang='lat' dir='ltr'>praed.</span> <span class='ocrx_word' id='word_1_333' title='bbox 418 3713 513 3775; x_wconf 86' lang='lat' dir='ltr'>terris</span> <span class='ocrx_word' id='word_1_334' title='bbox 527 3723 583 3775; x_wconf 86' lang='lat' dir='ltr'>aut</span> <span class='ocrx_word' id='word_1_335' title='bbox 599 3716 802 3790; x_wconf 89' lang='lat' dir='ltr'>tenementis,</span> <span class='ocrx_word' id='word_1_336' title='bbox 814 3737 889 3779; x_wconf 89' lang='lat' dir='ltr'>cnm</span> <span class='ocrx_word' id='word_1_337' title='bbox 904 3738 989 3780; x_wconf 88' lang='lat' dir='ltr'>ornn.</span> <span class='ocrx_word' id='word_1_338' title='bbox 1001 3721 1066 3782; x_wconf 90' lang='lat' dir='ltr'>suis</span> <span class='ocrx_word' id='word_1_339' title='bbox 1077 3723 1243 3802; x_wconf 91' lang='lat' dir='ltr'>pertinen-</span> 
     </span>
     <span class='ocr_line' id='line_1_38' title="bbox 92 3807 1243 3891; baseline 0.01 -21"><span class='ocrx_word' id='word_1_340' title='bbox 92 3810 164 3886; x_wconf 89' lang='lat' dir='ltr'>ciis,</span> <span class='ocrx_word' id='word_1_341' title='bbox 178 3813 236 3871; x_wconf 89' lang='lat' dir='ltr'>aut</span> <span class='ocrx_word' id='word_1_342' title='bbox 251 3807 361 3890; x_wconf 86' lang='lat' dir='ltr'>aliqua</span> <span class='ocrx_word' id='word_1_343' title='bbox 376 3807 509 3889; x_wconf 90' lang='lat' dir='ltr'>perinde</span> <span class='ocrx_word' id='word_1_344' title='bbox 523 3809 662 3890; x_wconf 89' lang='lat' dir='ltr'>parcella</span> <span class='ocrx_word' id='word_1_345' title='bbox 685 3812 868 3891; x_wconf 89' lang='lat' dir='ltr'>eorundem,</span> <span class='ocrx_word' id='word_1_346' title='bbox 884 3835 939 3876; x_wconf 90' lang='lat' dir='ltr'>seu</span> <span class='ocrx_word' id='word_1_347' title='bbox 953 3815 993 3876; x_wconf 89' lang='lat' dir='ltr'>ab</span> <span class='ocrx_word' id='word_1_348' title='bbox 1008 3817 1097 3878; x_wconf 89' lang='lat' dir='ltr'>omni</span> <span class='ocrx_word' id='word_1_349' title='bbox 1113 3821 1243 3882; x_wconf 87' lang='lat' dir='ltr'>accione</span> 
     </span>
     <span class='ocr_line' id='line_1_39' title="bbox 88 3894 1244 3997; baseline 0.008 -29"><span class='ocrx_word' id='word_1_350' title='bbox 88 3894 173 3988; x_wconf 83' lang='lat' dir='ltr'>juris</span> <span class='ocrx_word' id='word_1_351' title='bbox 187 3910 247 3967; x_wconf 89' lang='lat' dir='ltr'>aut</span> <span class='ocrx_word' id='word_1_352' title='bbox 261 3905 387 3979; x_wconf 80' lang='lat' dir='ltr'>clamet,</span> <span class='ocrx_word' id='word_1_353' title='bbox 410 3903 476 3966; x_wconf 91' lang='lat' dir='ltr'>Nos</span> <span class='ocrx_word' id='word_1_354' title='bbox 491 3904 579 3986; x_wconf 84' lang='lat' dir='ltr'>praef.</span> <span class='ocrx_word' id='word_1_355' title='bbox 595 3904 685 3966; x_wconf 90' lang='lat' dir='ltr'>Will.</span> <span class='ocrx_word' id='word_1_356' title='bbox 703 3906 786 3988; x_wconf 83' lang='lat' dir='ltr'>Agn.</span> <span class='ocrx_word' id='word_1_357' title='bbox 803 3913 838 3968; x_wconf 91' lang='lat' dir='ltr'>et</span> <span class='ocrx_word' id='word_1_358' title='bbox 853 3909 986 3972; x_wconf 90' lang='lat' dir='ltr'>heredes</span> <span class='ocrx_word' id='word_1_359' title='bbox 1002 3915 1104 3974; x_wconf 92' lang='lat' dir='ltr'>nostri</span> <span class='ocrx_word' id='word_1_360' title='bbox 1115 3916 1244 3997; x_wconf 89' lang='lat' dir='ltr'>penitus</span> 
     </span>
     <span class='ocr_line' id='line_1_40' title="bbox 94 3998 1245 4090; baseline 0.01 -28"><span class='ocrx_word' id='word_1_361' title='bbox 94 4021 152 4084; x_wconf 89' lang='lat' dir='ltr'>per</span> <span class='ocrx_word' id='word_1_362' title='bbox 166 4006 339 4085; x_wconf 76' lang='lat' dir='ltr'>praesentes</span> <span class='ocrx_word' id='word_1_363' title='bbox 362 4001 462 4061; x_wconf 90' lang='lat' dir='ltr'>simus</span> <span class='ocrx_word' id='word_1_364' title='bbox 484 3998 606 4062; x_wconf 87' lang='lat' dir='ltr'>exclusi</span> <span class='ocrx_word' id='word_1_365' title='bbox 628 4001 876 4083; x_wconf 86' lang='lat' dir='ltr'>imperpetuum.</span> <span class='ocrx_word' id='word_1_366' title='bbox 922 4005 963 4067; x_wconf 95' lang='lat' dir='ltr'>In</span> <span class='ocrx_word' id='word_1_367' title='bbox 986 4007 1076 4090; x_wconf 91' lang='lat' dir='ltr'>cujus</span> <span class='ocrx_word' id='word_1_368' title='bbox 1090 4011 1136 4072; x_wconf 88' lang='lat' dir='ltr'>rei</span> <span class='ocrx_word' id='word_1_369' title='bbox 1151 4013 1245 4073; x_wconf 90' lang='lat' dir='ltr'>testi·</span> 
     </span>
     <span class='ocr_line' id='line_1_41' title="bbox 94 4095 1243 4188; baseline 0.01 -28"><span class='ocrx_word' id='word_1_370' title='bbox 94 4096 244 4160; x_wconf 91' lang='lat' dir='ltr'>monium</span> <span class='ocrx_word' id='word_1_371' title='bbox 259 4095 335 4160; x_wconf 88' lang='lat' dir='ltr'>huic</span> <span class='ocrx_word' id='word_1_372' title='bbox 349 4097 502 4179; x_wconf 77' lang='lat' dir='ltr'>praesenti</span> <span class='ocrx_word' id='word_1_373' title='bbox 518 4096 638 4180; x_wconf 86' lang='lat' dir='ltr'>scripto</span> <span class='ocrx_word' id='word_1_374' title='bbox 653 4101 762 4159; x_wconf 85' lang='lat' dir='ltr'>nostro</span> <span class='ocrx_word' id='word_1_375' title='bbox 777 4099 884 4180; x_wconf 85' lang='lat' dir='ltr'>sigilla</span> <span class='ocrx_word' id='word_1_376' title='bbox 899 4108 1007 4166; x_wconf 91' lang='lat' dir='ltr'>nostra</span> <span class='ocrx_word' id='word_1_377' title='bbox 1029 4108 1243 4188; x_wconf 88' lang='lat' dir='ltr'>apposuimus.</span> 
     </span>
    </p>
   </div>
   <div class='ocr_carea' id='block_1_5' title="bbox 543 4230 801 4302">
    <p class='ocr_par' dir='ltr' id='par_1_7' title="bbox 543 4230 801 4302">
     <span class='ocr_line' id='line_1_42' title="bbox 543 4230 801 4302; baseline 0.008 -17"><span class='ocrx_word' id='word_1_378' title='bbox 543 4233 550 4262; x_wconf 93' lang='lat'><strong>¹</strong></span> <span class='ocrx_word' id='word_1_379' title='bbox 570 4230 632 4302; x_wconf 75' lang='lat' dir='ltr'>Day</span> <span class='ocrx_word' id='word_1_380' title='bbox 644 4235 693 4285; x_wconf 90' lang='lat' dir='ltr'>not</span> <span class='ocrx_word' id='word_1_381' title='bbox 705 4233 801 4287; x_wconf 85' lang='lat' dir='ltr'>stated.</span> 
     </span>
    </p>
   </div>
   <div class='ocr_carea' id='block_1_6' title="bbox 0 0 1494 5048">
    <p class='ocr_par' dir='ltr' id='par_1_8' title="bbox 0 0 1494 5048">
     <span class='ocr_line' id='line_1_43' title="bbox 0 0 1494 5048; baseline 0 0"><span class='ocrx_word' id='word_1_382' title='bbox 0 0 1494 5048; x_wconf 95' lang='lat' dir='ltr'> </span> 
     </span>
    </p>
   </div>
  </div>
 </body>
</html>
