2940 5048
421 314 470 367 nn
488 313 589 369 novo
614 315 851 368 uorrsrmro.
1314 293 1385 369 207

54 487 245 552 confirmavi
259 485 329 550 Deo
342 489 379 549 et
393 483 432 548 B.
447 483 497 546 M.
512 487 548 547 et
563 485 727 548 monachis
741 484 782 547 de
804 485 897 548 Novo
912 485 1015 564 Mon,
1030 486 1211 549 concilicet
1236 490 1389 571 Mnrqjoryor

54 585 226 649 voluntate
255 580 416 645 willelmi
446 581 559 643 mariti
588 582 666 661 mei,
695 587 730 643 et
759 583 938 644 amicorum
967 603 1124 657 meorum,
1153 601 1211 665 pro
1235 560 1387 679 fflffi

54 680 161 745 salute
184 682 303 743 animia
324 698 416 753 meae,
430 677 542 740 mariti
563 677 641 756 mei,
655 683 837 760 parentum,
851 684 886 741 et
900 679 1019 763 (lida)
1034 679 1211 751 amicorum

55 799 217 854 meorum,
240 795 340 839 unam
364 795 472 838 acram
497 779 592 837 terrae
618 795 700 839 meae
723 775 758 837 in
784 776 863 838 villa
892 776 933 839 de
957 775 1210 853 Suthbutliston,

51 874 149 959 juxta
178 874 336 936 fossatum
365 871 401 933 in
430 870 522 934 exitu
550 870 694 952 ejusdem
720 871 807 934 villae
836 872 871 934 in
901 871 1094 935 occidentali
1117 877 1211 956 parte

55 970 289 1034 extendentem
311 987 420 1032 versus
441 966 640 1049 aquilonem,
654 968 689 1029 in
712 988 783 1050 pur.
800 971 835 1031 et
857 989 947 1052 perp.
963 968 1016 1045 el.,
1031 989 1105 1031 cum
1120 989 1209 1031 omn.

57 1066 116 1130 lib.
143 1071 179 1130 et
204 1065 339 1148 aysiam.
360 1063 402 1127 ad
425 1063 522 1147 praed.
545 1067 665 1126 terram
684 1062 829 1144 ejusdem
852 1064 939 1128 villae
963 1064 1209 1148 pertinentibus.

56 1162 138 1226 Ten.
153 1165 188 1225 et
200 1161 275 1224 hab.
287 1159 327 1222 dc
342 1179 395 1222 me
410 1165 445 1221 et
459 1159 527 1220 her.
543 1178 601 1234 m,
610 1159 645 1221 li.
660 1165 694 1221 et
707 1160 772 1242 qui.
783 1160 918 1223 abomn.
929 1165 1055 1223 terreno
1067 1161 1209 1224 servicio.

56 1259 102 1322 Et
132 1278 194 1341 ego
221 1255 375 1319 Marioria
400 1254 523 1318 ether.
548 1256 614 1316 mei
639 1255 804 1337 praedictis
826 1257 991 1319 monachis
1020 1256 1210 1339 predictam

56 1359 180 1418 terram
205 1358 319 1416 contra
348 1372 459 1415 omnes
488 1351 760 1435 calumpniatores
791 1354 1081 1418 warantizabimus.
1135 1353 1210 1417 Hiis

56 1451 208 1515 testibus.

122 1641 283 1707 Omnibus
312 1641 396 1704 banc
425 1645 561 1718 cartam,
589 1643 651 1703 etc.
698 1638 885 1703 Willelmus
922 1640 969 1707 fil.
999 1641 1135 1704 chrici
1168 1641 1223 1704 de‘
1282 1642 1322 1711 ij·-

55 1738 266 1815 Butilistona,
282 1737 432 1801 salutem.
477 1735 596 1800 Sciatis
618 1756 671 1798 me
696 1755 755 1818 pro
782 1736 886 1799 salute
910 1738 1029 1800 animae
1060 1757 1152 1815 meae,
1173 1740 1208 1800 et
1232 1711 1388 1829 gfffffifflof

55 1856 143 1899 omn.
169 1840 274 1897 antec.
294 1840 328 1897 et
353 1835 422 1898 her.
448 1853 493 1896 m.
518 1832 590 1895 ded.
617 1853 706 1896 conc.
730 1836 765 1895 et
791 1853 823 1916 p.
848 1854 876 1895 c.
903 1854 948 1896 m.
975 1833 1058 1896 conf.
1082 1833 1208 1896 Decet
1232 1843 1372 1904 Butuntos,

56 1931 222 1994 monachis
244 1930 322 1993 cccl.
340 1929 372 1994 S.
388 1929 436 1992 M.
452 1929 538 1991 Novi
559 1928 651 1991 Mon.
666 1928 701 1990 in
724 1928 781 1992 lib.
802 1949 873 2011 pur.
896 1935 931 1991 et
953 1949 1042 2013 perp.
1058 1929 1113 2007 eb,
1128 1929 1208 1992 duas
1232 1909 1384 1962 ofonmro.

56 2047 144 2091 acras
159 2032 254 2089 terrra
268 2047 342 2088 cum
357 2026 473 2108 pertin.
490 2026 526 2087 in
546 2025 712 2086 territorio
728 2025 768 2087 de
786 2024 962 2103 Butliston,
978 2025 1046 2088 scil.
1061 2045 1101 2088 ex
1115 2025 1209 2108 aqui·

57 2123 158 2186 lonali
173 2127 267 2206 parte
282 2122 323 2186 de
338 2120 510 2185 Allerbum
525 2142 564 2184 ex
578 2126 715 2202 utraque
725 2125 816 2203 parte
827 2141 953 2204 magnae
965 2122 1025 2184 viae
1035 2142 1106 2204 quae
1118 2122 1209 2183 vadit

56 2240 164 2283 sersus
179 2218 376 2302 aquilonem,
392 2239 465 2300 quae
482 2219 554 2281 duae
568 2237 651 2281 acrae
668 2217 782 2299 jacent
798 2219 884 2280 inter
906 2224 1027 2280 terram
1043 2217 1208 2301 Ranulpbi

56 2314 101 2378 iil.
117 2315 285 2383 Edmundi
300 2318 336 2377 et
357 2320 479 2376 terram
501 2313 652 2396 Hugonis
675 2313 715 2376 de
737 2312 939 2397 Brothirwyk
951 2334 959 2390 ;
982 2314 1060 2376 Ten.
1076 2318 1110 2376 et
1132 2313 1205 2376 hab.

56 2411 154 2493 praed.
170 2411 336 2473 monachis
351 2411 392 2473 de
407 2430 460 2472 me
475 2416 510 2472 et
524 2409 592 2472 her.
614 2429 659 2472 m.
675 2409 755 2471 adeo
771 2409 805 2471 li.
822 2410 936 2491 etqui.
952 2410 993 2473 ab
1008 2430 1093 2472 omn.
1110 2411 1207 2472 servi-

56 2508 124 2584 ciis,
139 2527 239 2585 cona,
253 2512 288 2570 et
302 2508 399 2581 dem.,
414 2506 498 2568 sicut
513 2504 621 2587 aliqua
636 2504 676 2568 el.
693 2504 825 2568 liberius
841 2511 875 2568 et
886 2506 1001 2568 melius
1015 2512 1122 2590 potest
1135 2506 1206 2568 dari

56 2602 106 2665 vel
120 2603 288 2687 possideri.
333 2602 378 2664 Et
393 2622 454 2684 ego
469 2608 504 2664 et
526 2601 595 2663 her.
610 2602 675 2663 mei
697 2602 795 2683 praed.
811 2603 891 2665 duas
914 2624 1001 2667 acras
1023 2609 1117 2666 terrae
1132 2623 1206 2665 curn

55 2704 138 2781 pert.
155 2700 222 2762 suis
243 2697 342 2781 praed.
358 2718 423 2761 mo.
444 2717 518 2760 war.
534 2702 569 2759 et
591 2697 655 2760 def.
671 2703 781 2760 contra
804 2718 914 2761 omnes
929 2699 1074 2763 homines
1089 2701 1208 2783 imper·

57 2802 203 2879 petuum.
249 2795 323 2857 Hiis
338 2794 487 2872 testibus,
502 2799 564 2856 etc.

121 2986 237 3051 Sciant
251 2989 424 3069 praesentes
446 2990 480 3047 et
495 2984 610 3063 futuri,
626 2986 711 3068 quod
733 3007 793 3069 ego
808 2987 907 3069 Hugo
929 2986 976 3052 fil.
993 2988 1143 3072 Gregorii
1167 2990 1207 3052 de
1281 3008 1332 3075 iij·.

56 3081 223 3146 Butliston
239 3082 315 3145 dedi
329 3087 363 3144 et
378 3081 529 3157 concessi,
544 3084 579 3144 et
594 3081 626 3144 b.
642 3102 674 3164 p.
691 3102 720 3144 c.
735 3103 779 3144 m.
795 3083 992 3160 confirmavi,
1008 3084 1088 3160 Deo,
1103 3085 1141 3148 B.
1157 3085 1206 3148 M.
1232 3077 1314 3125 Grant
1326 3077 1361 3141 by

56 3184 89 3241 et
103 3178 272 3240 monacbis
286 3178 327 3241 de
342 3176 425 3240 Nov.
441 3176 544 3253 Mon,
558 3196 615 3258 pro
631 3177 736 3239 salute
751 3179 868 3240 animae
879 3198 972 3256 meae,
987 3199 1083 3240 unam
1099 3201 1207 3243 acram
1231 3142 1368 3267 ffiffl,

56 3280 151 3338 terrae
168 3275 205 3336 in
219 3293 334 3356 campo
360 3272 400 3336 de
415 3272 580 3335 Butliston
596 3273 731 3336 Roberti
746 3273 786 3335 de
808 3273 882 3350 Ros,
898 3273 966 3335 scil.
983 3274 1075 3336 illam
1096 3296 1204 3338 acram
1231 3274 1384 3325 ⁰f0¹¹⁶⁸010·

56 3391 128 3453 quae
144 3374 277 3433 vocatur
290 3369 448 3432 Bradacre
458 3368 554 3451 juxta
562 3369 593 3431 le
609 3369 816 3446 Greuelecbe,
829 3390 943 3451 quaese
956 3371 1103 3433 extendit
1113 3392 1208 3454 super

57 3466 86 3528 le
102 3464 343 3541 Soutbcrukes3
358 3465 436 3527 Ten.
452 3471 487 3527 et
501 3464 574 3527 hab.
591 3465 688 3547 praed.
705 3484 767 3528 mc.
785 3465 825 3527 de
841 3487 893 3528 me
908 3471 942 3528 et
953 3466 1018 3528 her.
1035 3487 1090 3545 m.,
1102 3468 1137 3530 in
1149 3468 1206 3532 lib.

57 3583 126 3645 pur.
142 3568 178 3624 et
193 3582 284 3644 perp.
296 3562 348 3637 el.,
363 3561 444 3624 adeo
460 3560 559 3623 libere
575 3567 610 3623 et
625 3561 733 3643 quiete
748 3561 789 3624 ab
798 3582 883 3624 omn.
894 3563 989 3625 rebus
1004 3564 1088 3626 sicut
1098 3563 1208 3646 aliqua

57 3657 97 3720 el.
112 3661 222 3741 potest
236 3657 368 3720 liberius
382 3656 453 3719 dari
469 3656 519 3719 vel
535 3657 699 3738 possideri,
715 3663 749 3720 et
765 3677 824 3741 ego
839 3658 938 3742 Hugo
954 3664 987 3721 et
1001 3658 1066 3721 her.
1079 3680 1123 3721 m.
1132 3681 1207 3723 war.

58 3753 140 3816 hanc
156 3753 346 3836 predictam
362 3757 482 3816 terram
500 3752 597 3834 praed.
614 3773 678 3815 mo.
694 3759 807 3816 contra
829 3775 913 3819 omn.
930 3755 1086 3817 homines.
1132 3756 1208 3819 Hiis

58 3850 204 3924 testibus,
219 3853 280 3912 etc.

123 4041 246 4127 (ll4b)
273 4040 431 4105 Omnibus
455 4042 539 4103 hanc
566 4046 688 4104 cartam
713 4042 897 4105 videntibus
921 4043 973 4106 vel
1003 4044 1207 4108 audientibus
1275 4071 1334 4140 iiij·.

59 4138 268 4220 praesentibus
284 4143 318 4200 et
333 4137 461 4199 futuris.
507 4136 667 4199 Robertus
682 4158 780 4220 gener
795 4138 961 4201 Hulwardi
976 4138 1016 4202 de
1031 4140 1206 4218 Butliston,
1233 4141 1362 4204 (³1³⁰th

58 4235 204 4297 salutem.
252 4234 372 4297 Sciatis
386 4253 438 4294 me
453 4252 511 4314 pro
534 4232 637 4295 salute
652 4254 704 4294 an.
722 4253 765 4294 m.
783 4238 817 4295 et
832 4254 884 4295 ux.
901 4254 945 4297 m.
962 4241 1065 4298 antec.
1082 4242 1115 4298 et
1138 4236 1205 4299 her.
1232 4205 1372 4334 {3323ss

57 4351 101 4395 m.
117 4332 241 4395 dedisse
256 4336 290 4393 et
305 4330 338 4392 h.
354 4349 387 4412 p.
403 4349 431 4391 c.
447 4349 491 4390 m.
508 4329 593 4393 conf.
609 4329 726 4390 Decet
742 4329 781 4390 B.
797 4330 843 4391 M.
866 4335 900 4392 et
914 4351 1000 4393 mon.
1012 4332 1095 4395 Novi
1111 4333 1204 4395 Mon.
1231 4339 1310 4390 olore
1319 4355 1385 4392 aero.

60 4446 156 4490 unam
172 4446 281 4491 acram
297 4430 393 4491 terrae
407 4444 488 4488 mero
502 4424 538 4486 in
554 4444 668 4505 campo
685 4425 724 4486 de
735 4424 910 4504 Butliston,
921 4427 990 4490 scil.
1000 4428 1090 4492 illam
1102 4450 1207 4495 acram
