2940 5048
440 228 489 280 DE
514 227 609 281 NOVO
633 227 870 283 nonasnnfflo.

60 396 156 460 hom.
179 417 256 460 war.
270 397 305 459 in
327 399 523 480 perpetuum
539 401 573 460 et
588 397 804 461 defendemus.
850 398 889 461 In
910 398 961 481 cuj
966 419 1002 461 us
1018 399 1064 460 rei
1080 398 1227 460 testimo-

64 494 166 556 nium
181 493 354 577 sigilbetc.
391 493 626 569 Testibus,etc.
658 493 781 556 Datum
791 495 877 577 apud
887 495 1037 557 Prodhou
1045 495 1098 557 die
1114 493 1227 557 Sancti

66 588 213 654 Mathaei
229 589 448 673 Evangelistae
457 590 549 652 Anno
560 589 694 652 Domini
705 610 749 652 m.
759 591 959 673 cccxxxiiij.

141 782 262 845 Pateat
284 780 442 843 universis
463 800 521 864 per
541 786 712 864 praesentes
733 782 818 864 quod
833 802 890 843 nos
907 781 1072 845 Gilbertus
1087 783 1127 844 de
1143 782 1224 845 Um·
1298 801 1346 868 vij·

74 878 188 941 frauill
203 877 316 942 Comes
334 877 469 960 Dangus
484 877 711 939 constituimus
729 882 764 940 et
782 876 851 939 loco
867 883 975 939 nost-ro
990 879 1223 940 attornavimus
1249 868 1353 984 Ξῗῖη(
1273 942 1341 984 stom
1309 869 1376 917 eron

75 975 184 1038 Adam
198 973 240 1036 de
253 972 389 1055 Corbrig
406 978 441 1034 et
454 972 613 1034 Thomam
629 973 669 1034 de
685 971 814 1035 Herseli
829 972 879 1034 vel
898 993 1009 1035 eorum
1024 973 1119 1035 alteri
1134 971 1223 1057 (sio),
1343 951 1381 998 ⁰5

76 1071 105 1133 si
131 1069 229 1133 umbo
253 1070 408 1130 interesse
433 1087 499 1129 non
524 1069 658 1150 possint,
681 1069 722 1131 ed
748 1067 987 1131 deliberandam
1017 1070 1154 1131 sesinum
1184 1063 1284 1130 de

77 1166 291 1230 advooncioue
305 1164 448 1227 ecclesiae
462 1163 502 1226 de
514 1163 774 1247 waelpinton,
765 1185 800 1226 ιιι
815 1165 948 1227 comitet
951 1186 972 1226 ιι
934 1164 1225 1227 tNorthumbriae

77 1263 162 1326 Abb.
172 1267 208 1325 et
218 1260 318 1326 Conv.
333 1261 419 1324 Novi
435 1260 523 1322 Mon.
533 1259 683 1323 Dunelm.
693 1260 862 1323 dioceseos.
907 1260 1028 1322 Ratum
1037 1260 1180 1323 babituri
1192 1266 1227 1322 et

77 1364 209 1443 gramm
238 1356 404 1440 quicquid,
433 1360 496 1418 etc.
525 1355 663 1419 fecerint
691 1357 727 1417 in
760 1357 942 1439 praemissis.
987 1356 1109 1418 Datum
1140 1359 1226 1438 apud

79 1455 232 1519 Prodhou
244 1453 300 1516 die
314 1472 379 1535 quo
395 1472 501 1534 snpra,
524 1471 609 1515 anno
632 1454 725 1536 regni
740 1453 825 1535 regis
841 1452 990 1514 Edwardi
1005 1454 1098 1515 tercii
1116 1474 1135 1514 a
1150 1474 1227 1515 con-

79 1555 206 1634 quaestu
220 1554 343 1613 octavo.

145 1742 395 1807 Memorandum
419 1742 504 1824 quod
528 1762 585 1824 pro
609 1742 697 1804 dicta
719 1742 938 1805 advocacionis
957 1742 1156 1804 concessione
1171 1742 1227 1804 de-
1251 1761 1320 1812 2100
1333 1761 1388 1810 bor-

79 1840 188 1903 dimus
209 1839 271 1902 sibi
295 1842 428 1901 centurn
449 1837 522 1899 libr.
543 1837 687 1920 sterling.
703 1841 844 1900 mutuat.
860 1857 879 1898 a
901 1837 1031 1898 dommo
1046 1837 1169 1898 Thoma
1186 1839 1226 1901 de
1251 1842 1301 1940 pov
1301 1826 1372 1940 93ῑο

80 1937 272 2019 Heppscots,
286 1955 345 2017 pro
361 1934 501 2016 quibus
491 1934 694 1996 1nveniemus
716 1934 805 1996 omni
828 1953 911 1995 anno
933 1932 1129 1994 sacerdotem
1144 1934 1227 1997 cele
1250 1899 1390 2008 adiowson

80 2033 271 2095 brantemin
282 2029 419 2093 ecclesia
433 2030 474 2092 ds
488 2029 643 2111 Morpatb
659 2051 717 2112 pro
731 2031 840 2092 anima
864 2029 943 2090 dicti
959 2030 1090 2090 Thomas
1106 2035 1140 2091 et
1155 2051 1228 2112 pro-

80 2128 262 2211 genitorum
272 2146 415 2204 suorum,
427 2127 482 2188 et
472 2145 506 2187 ιιι
518 2125 572 2187 die
583 2126 897 2208 Assumpoionisr
835 2125 873 2187 B.
885 2124 932 2186 M.
944 2125 1033 2186 omni
1045 2145 1128 2186 anno
1139 2147 1181 2187 xx
1190 2147 1226 2204 s.,

80 2223 120 2286 ad
134 2222 396 2286 distribuendum
411 2242 467 2304 per
486 2241 600 2284 manus
622 2222 780 2299 monachi,
803 2241 861 2303 pro
882 2222 990 2282 anima
1013 2221 1145 2283 illorum
1169 2223 1228 2285 sub

79 2324 167 2382 certa
180 2338 277 2402 poena
291 2317 334 2380 ad
350 2317 474 2380 dictam
489 2317 668 2380 ecclesiam.

518 2546 802 2664 HODEdPETH.

147 2795 244 2880 (rsa)
267 2794 387 2860 Sibilla
402 2794 563 2878 quondam
576 2815 656 2856 uxor
672 2793 822 2876 Hugonis
845 2794 885 2857 de
909 2794 1066 2877 Morwyk,
1081 2797 1229 2860 salutem.
1320 2818 1345 2884 j·

82 2894 202 2957 Sciatis
234 2914 288 2955 me
317 2893 353 2953 in
383 2891 485 2954 libera
508 2891 669 2953 viduitate
696 2895 730 2952 et
755 2890 837 2971 ligia
863 2896 1022 2972 potestate
1047 2905 1130 2967 rnen,
1157 2895 1229 2956 ded.
1255 2885 1353 3000 propt
1348 2885 1378 2934 of

82 3009 172 3052 conc.
198 2991 234 3051 et
259 3008 291 3071 p.
308 3009 336 3050 c.
353 3008 398 3049 m.
414 2986 497 3049 conf.
526 2986 595 3049 Deo
618 2990 653 3048 et
677 2986 842 3048 monachis
863 2987 940 3048 eccl.
967 2987 1093 3051 Sanctae
1116 2990 1231 3053 Mariae
1256 3017 1300 3066 flu
1301 3014 1399 3079 amb,

81 3084 168 3147 Novi
196 3083 289 3147 Mon.
312 3103 370 3193 pro
402 3083 506 3145 salute
537 3082 655 3143 animae
685 3102 765 3144 meae
789 3087 822 3143 et
847 3082 996 3165 Hugonis
1020 3083 1060 3144 de
1085 3082 1231 3165 Morwyk
1257 3080 1391 3144 bysiiabll

81 3181 247 3263 quondam
270 3179 332 3242 viri
357 3179 434 3255 mei,
459 3181 494 3240 et
517 3198 603 3240 omn.
627 3181 731 3240 antec.
752 3182 786 3239 et
810 3179 876 3239 ber.
902 3183 936 3240 et
959 3179 1055 3240 amic.
1083 3199 1181 3241 meor.
1197 3181 1232 3240 in
1257 3147 1366 3277 ,ἐξω

82 3276 140 3338 lib.
157 3296 228 3359 pur.
244 3281 278 3338 et
293 3295 380 3357 perp.
401 3275 441 3336 el
469 3273 631 3355 quandam
657 3277 782 3355 partem
803 3278 941 3355 pasturae
961 3294 1042 3335 mese
1068 3275 1107 3336 de
1124 3274 1234 3336 Hede-

82 3371 189 3454 speth,
205 3391 261 3453 per
284 3371 340 3432 has
362 3369 490 3445 divisas,
514 3369 648 3443 scilicet,
676 3389 696 3429 a
718 3368 843 3430 Wester
868 3368 1029 3431 Heselden
1054 3390 1161 3432 versus
1183 3391 1235 3434 oc-

83 3469 246 3530 cidentem
261 3486 319 3549 per
334 3486 450 3547 aquam
465 3465 506 3527 de
522 3464 611 3526 Funt
625 3483 726 3546 usque
744 3464 785 3525 ad
811 3465 973 3546 quandam
994 3467 1143 3529 semitam
1164 3489 1235 3550 quae

82 3563 176 3624 vadit
191 3581 250 3643 per
263 3560 404 3622 mediam
419 3580 542 3622 moram
554 3559 594 3621 de
609 3559 797 3641 Heppehale
811 3565 844 3621 et
859 3560 899 3622 de
914 3561 1113 3645 Hodespctb,
1129 3568 1164 3626 et
1178 3585 1235 3646 per

83 3657 176 3720 illam
186 3657 449 3720 semitaruvsrsus
457 3655 614 3718 orientem
623 3675 681 3737 per
690 3655 834 3716 medium
844 3656 1078 3737 Hespenheued
1086 3680 1186 3742 usque
1195 3660 1236 3723 od

83 3754 203 3816 divisas
217 3773 316 3815 moras
331 3751 371 3815 de
387 3749 585 3833 Heppebnlc,
595 3755 629 3812 et
644 3751 690 3812 sic
705 3771 762 3831 per
771 3751 844 3812 illas
859 3751 977 3813 divisas
988 3773 1088 3834 nsque
1103 3756 1143 3817 ad
1154 3777 1236 3838 prae-

84 3851 209 3913 dictam
222 3849 351 3910 Wester
366 3847 537 3910 Heselden.
583 3845 743 3927 Quicquid
759 3849 945 3909 continetur
968 3848 1052 3910 infra
1076 3852 1173 3931 praed.
1186 3854 1237 3915 di·

84 3947 169 4008 visas
185 3946 254 4008 sine
269 3945 379 4026 aliquo
393 3945 613 4005 retenemeuto
628 3941 704 4003 dedi
719 3941 817 4003 dictis
834 3963 897 4003 mo.
914 3943 955 4003 ad
967 3943 1151 4007 faciendum
1161 3949 1237 4011 inde

86 4041 309 4104 omnimodum
319 4038 525 4101 commodum
535 4037 724 4099 suumsicud
735 4038 780 4098 eis
790 4037 1079 4119 meliusplacuerit
1095 4042 1237 4107 Tenend.

87 4143 120 4199 et
134 4137 208 4199 hab.
221 4156 296 4198 cum
311 4155 398 4197 omn.
414 4134 470 4196 lib.
486 4135 642 4196 etesium.
653 4134 727 4210 suis,
737 4133 816 4195 adeo
827 4133 882 4194 lib.
894 4139 926 4195 et
942 4136 1009 4216 qni.
1024 4136 1162 4203 abomn.
1175 4162 1238 4204 ser-
1296 4138 1299 4143 ’

86 4234 187 4307 viciis,
198 4233 306 4309 sectis,
320 4230 407 4293 stab
424 4249 510 4292 omn.
523 4230 616 4292 rebus
631 4250 702 4310 quae
719 4230 760 4291 ab
775 4230 882 4311 aliqua
897 4235 983 4292 terra
992 4252 1079 4313 exrgr
1095 4244 1311 4318 possuntro
1262 4244 1341 4308 Trosp

87 4330 178 4392 sicud
194 4329 303 4411 alique
326 4327 419 4389 elem.
447 4326 578 4389 liberius
603 4330 636 4387 et
652 4325 768 4387 melius
787 4331 876 4407 potes
862 4330 892 4387 st
907 4326 976 4389 dari
1005 4330 1055 4393 sel
1074 4336 1238 4413 possideri.
1263 4309 1338 4372 Ψ
1325 4260 1393 4360 pult.

640 4446 656 4481 o
673 4435 687 4480 2
