2940 5048
75 287 122 361 86
682 303 960 358 6611111111111

77 484 170 560 11661
253 474 376 539 domini
386 474 485 558 Regis
494 473 578 557 quod
586 475 708 537 dieitur
714 474 902 551 Wthareet
921 495 942 536 a
954 474 1129 559 pannagio.
1150 474 1200 537 Et
1213 476 1408 543 eivoluerint

77 551 146 602 ΜΠ·
254 570 373 633 molere
387 571 520 632 bladum
535 590 629 632 suum
642 570 684 631 ad
704 569 927 632 molendinum
948 569 990 632 de
1005 569 1178 653 Lythedun
1195 573 1303 653 quieti
1316 579 1408 637 enmt

254 668 297 731 de
317 668 470 743 multura,
483 678 518 729 et
538 668 565 728 si
584 666 748 728 noluerInt
765 666 872 747 quieti
889 665 977 728 erint
991 666 1028 727 in
1042 672 1142 741 seete,
1155 670 1193 729 et
1206 668 1251 731 ab
1264 669 1408 733 omnibus

256 764 331 825 aliis
352 765 486 826 terrenis
500 763 642 824 serviciis
661 780 734 843 qum
746 761 788 823 de
798 760 908 843 aliqua
921 768 1008 823 terra
1021 762 1147 845 pomint
1160 762 1236 825 dari
1250 764 1305 827 vel
1317 766 1407 849 exigi.

79 863 233 939 Permission
257 859 302 921 Et
327 859 476 940 praedicti
500 858 652 920 monachi
677 864 712 919 et
736 857 788 919 sui
812 856 968 939 asignati
983 857 1070 919 iufra
1083 857 1280 940 praedictam
1294 864 1407 924 terram

81 930 200 1047 psus
257 953 368 1016 aomos
384 953 651 1029 aedrseabunaet
666 950 1010 1027 foeneratores
1030 952 1174 1015 neem
1189 953 1362 1017 usmitan
1375 959 1407 1019 s

255 1053 381 1114 exitum
403 1062 437 1111 et
463 1050 647 1123 transitum,
661 1056 753 1110 extra
777 1047 910 1109 bladum
932 1052 968 1110 et
989 1052 1132 1130 pratum,
1146 1048 1214 1112 illie
1236 1054 1273 1113 et
1297 1051 1408 1115 averiis

257 1148 323 1209 suis
337 1156 370 1208 et
386 1146 572 1207 hominibus
586 1147 653 1206 suis
666 1143 842 1219 habebunt,
856 1144 945 1226 iique
958 1149 992 1207 et
1007 1148 1117 1206 totum
1130 1143 1224 1207 aliud
1232 1145 1406 1228 proficuum

258 1263 352 1305 auum
367 1241 487 1303 facient
501 1240 542 1303 de
557 1241 720 1323 praedictis
734 1239 825 1301 sicud
839 1240 887 1301 eis
900 1240 1057 1322 placuerit
1070 1240 1141 1302 61116
1154 1242 1409 1305 contradictione

258 1339 361 1401 nostri
388 1338 438 1399 161
461 1337 530 1399 her.
555 1356 589 1399 u.
624 1335 693 1397 Nos
715 1340 825 1397 autern
839 1337 955 1397 ether.
969 1354 1003 1397 n.
1018 1334 1108 1417 praef.
1123 1355 1190 1398 mo.
1204 1342 1240 1399 et
1254 1358 1281 1400 6.
1295 1337 1408 1421 amign.

258 1440 365 1496 totam
390 1433 488 1515 prad.
511 1440 632 1495 terram
653 1451 729 1493 cum
751 1450 838 1493 omn.
853 1429 912 1495 lib.
927 1436 963 1495 et
976 1432 1088 1494 asiam.
1104 1435 1220 1495 eontra
1236 1452 1325 1497 omn.
1339 1452 1409 1497 aar.

259 1529 419 1593 'festibus

330 1818 425 1901 (tab)
440 1818 564 1895 Sciant,
578 1822 640 1881 616.
655 1817 741 1900 quod
750 1837 811 1900 ego
826 1815 965 1880 Jacobue
973 1816 1013 1879 de
1028 1815 1135 1895 Coloe,
1149 1837 1226 1880 eum
1236 1817 1369 1881 oonsilio
1378 1822 1411 1881 61

112 1910 151 2007 '¹‘ss
173 1909 202 2007 J
263 1917 431 1981 voluntate
446 1922 479 1977 et
503 1915 545 1977 ad
568 1916 763 1997 peticionem
784 1914 898 1976 Alieiae
912 1915 1020 1975 uxoris
1033 1934 1124 1991 meae,
1139 1913 1212 1977 ded.
1227 1935 1319 1977 oona.
1332 1920 1368 1977 et
1379 1915 1411 1979 h.

120 2044 133 2075 e
199 2042 221 2076 e.
263 2035 295 2097 p.
311 2035 339 2076 c.
355 2034 399 2074 m.
411 2011 572 2074 coufiDeo
586 2018 618 2072 et
635 2031 699 2073 mo.
715 2010 749 2072 S.
764 2009 813 2072 11.
826 2009 911 2070 Nori
923 2009 1012 2071 Mon.
1027 2010 1068 2072 ad
1084 2014 1220 2071 sustent.
1235 2028 1412 2093 pauperum

263 2110 384 2175 Christi
398 2110 439 2171 ad
451 2114 590 2190 portem,
599 2108 678 2169 duas
686 2107 817 2169 bovatas
826 2112 920 2168 161116
934 2126 1015 2169 meae
1025 2126 1102 2167 cum
1115 2106 1199 2169 tosto
1213 2111 1250 2169 et
1262 2106 1365 2170 enolto
1379 2111 1412 2170 et

262 2207 412 2269 omnibus
436 2205 510 2266 aliis
534 2204 741 2286 pertinenciis
766 2204 843 2280 suis,
859 2207 926 2264 tam
953 2203 989 2263 in
1011 2204 1141 2265 1166111111
1163 2222 1263 2284 quam
1283 2203 1321 2265 in
1340 2202 1413 2265 aliis

264 2302 358 2363 rebus
382 2300 501 2381 ubique
522 2301 606 2360 infra
622 2298 733 2360 tillem
749 2303 783 2360 et
797 2305 887 2360 extra
901 2298 941 2360 de
957 2298 1139 2381 Lythedun,
1154 2298 1228 2361 illae
1242 2298 1266 2381 ij
1285 2299 1413 2363 bovatae

265 2417 344 2478 quas
372 2395 535 2457 Johannes
562 2394 648 2455 filius
670 2394 812 2457 Julianae
835 2394 876 2456 de
898 2393 1038 2476 Rothely
1055 2394 1220 2475 quondam
1244 2395 1353 2458 tenuit
1377 2396 1411 2457 iu

128 2515 141 2546 0
169 2554 172 2559 ,
265 2490 376 2553 eadem
391 2489 478 2552 villa.
509 2490 553 2550 Et
567 2490 602 2550 in
617 2509 793 2552 accressum
808 2490 884 2552 dedi
898 2490 1019 2552 eisdem
1034 2490 1200 2553 monachis
1225 2488 1250 2573 ij
1267 2490 1412 2555 weldalee

123 2580 137 2676 ξ
169 2580 184 2610 ⁰
265 2586 307 2647 ad
327 2605 481 2667 magnum
504 2584 627 2646 fontem
653 2585 694 2647 de
718 2586 893 2667 Lytheduu
916 2607 990 2647 eum
1013 2591 1106 2667 prato
1129 2591 1164 2648 et
1185 2590 1273 2648 terra
1298 2586 1413 2649 arabili

266 2683 402 2763 integre,
417 2680 499 2756 illas,
515 2680 649 2756 scilicet,
658 2701 738 2763 quas
750 2681 916 2762 Synardus
926 2687 961 2743 61
970 2681 1128 2744 Robertus
1149 2680 1237 2744 filius
1254 2681 1412 2765 Stephani

265 2776 426 2858 quondam
443 2782 627 2852 tenuerunt,
639 2796 697 2857 pro
712 2777 813 2838 salute
828 2778 945 2839 animae
958 2797 1039 2840 meze
1047 2782 1082 2838 et
1091 2776 1245 2838 heredum
1257 2797 1413 2853 meorum,

122 2898 184 2931 even
265 2878 394 2954 patrum
409 2875 444 2932 et
454 2876 595 2932 metrum
610 2876 785 2950 nostorum,
794 2878 828 2934 et
843 2892 901 2954 pro
916 2872 947 2953 xj
964 2873 1079 2934 murcie
1087 2873 1225 2954 argenti,
1237 2892 1319 2955 quaa
1332 2873 1413 2937 dicti

88 3012 110 3061 ri
124 2965 174 3062 {J
265 2968 413 3028 monachi
428 2967 510 3028 mihi
525 2972 559 3028 et
575 2966 687 3028 Aliciae
702 2968 793 3029 uxori
808 2988 889 3030 meae
903 2967 1069 3029 dederuut.
1106 2967 1185 3030 Ten.
1199 2972 1235 3030 et
1248 2968 1324 3031 hab.
1335 2969 1412 3032 dict.

265 3085 328 3126 mo.
344 3070 379 3124 et
401 3084 426 3126 6.
442 3064 559 3144 assign.
575 3063 615 3124 de
630 3083 683 3124 1116
703 3064 817 3125 ether.
839 3083 884 3126 m.
908 3064 942 3125 in
964 3062 1020 3125 1111
1038 3083 1109 3144 pur.
1124 3068 1159 3126 61
1173 3083 1264 3146 perp.
1279 3064 1323 3127 61.
1337 3084 1412 3127 cum

264 3160 428 3222 communi
453 3164 582 3241 pastura
604 3158 639 3219 in
662 3159 756 3220 bosco
778 3163 812 3220 61
834 3158 930 3241 plano
953 3160 1020 3221 siue
1042 3159 1150 3240 aliqua
1164 3160 1366 3243 excepcione,
1379 3163 1414 3222 61

264 3277 340 3317 cum
355 3276 441 3317 omn.
453 3255 524 3317 aliis
540 3256 651 3316 esiam.
669 3255 703 3315 in
719 3255 866 3316 omnibus
876 3254 918 3317 ad
928 3254 1049 3316 dictam
1059 3254 1171 3316 tillem
1185 3254 1225 3316 de
1241 3254 1414 3338 Lythedun

264 3351 509 3434 pertinentibus.
526 3350 638 3424 libere,
653 3349 836 3424 honorifice,
848 3351 986 3431 integre,
999 3355 1033 3412 et
1048 3351 1157 3431 quiete
1166 3350 1208 3412 ab
1222 3351 1314 3413 omni
1328 3370 1415 3414 oona.

265 3470 368 3511 exacc.
378 3447 505 3508 etdern.
522 3450 556 3507 et
570 3466 590 3505 a
605 3465 685 3505 serv,
701 3445 824 3506 domini
841 3445 940 3527 Regis
956 3447 1040 3527 quod
1055 3446 1175 3508 dieitur
1186 3447 1340 3525 Wtwme,
1351 3452 1414 3511 eta

264 3545 435 3627 pannagio,
450 3548 483 3602 61
498 3539 539 3601 ab
554 3559 639 3600 omn.
655 3539 728 3600 aliis
743 3540 883 3603 saecular.
899 3543 1041 3603 serviciis
1055 3563 1126 3624 quae
1141 3542 1181 3604 de
1196 3543 1307 3626 aliqua
1327 3548 1414 3608 terra

263 3644 396 3722 possunt
417 3637 504 3717 exigi
524 3635 574 3696 vel
596 3635 677 3696 dari.
724 3634 768 3695 Et
790 3636 869 3697 adeo
885 3637 996 3713 libere,
1013 3639 1121 3720 quiete
1140 3640 1232 3701 sicud
1246 3640 1358 3723 aliqua
1370 3640 1412 3703 61.

264 3736 379 3798 melius
394 3739 428 3794 et
442 3731 499 3793 lib.
510 3734 617 3813 potest
627 3729 697 3791 dari
715 3730 766 3791 vel
781 3733 945 3812 possideri.
978 3734 1137 3796 Praeterea
1149 3733 1305 3799 diotimo.
1318 3738 1413 3801 616111

263 3833 381 3911 assign.
397 3829 480 3890 infra
492 3827 589 3910 praed.
605 3831 723 3888 16116111
739 3827 849 3890 domos
859 3829 1064 3892 aedificabunt
1075 3836 1109 3892 61
1120 3829 1239 3895 fossato
1249 3832 1413 3912 claudent,

263 3933 297 3990 ct
313 3927 450 3988 liberum
465 3923 635 3985 introitum
658 3927 692 3984 et
714 3923 837 3984 exitum
860 3934 894 3985 et
917 3926 1089 3987 transitum
1112 3932 1202 3989 extra
1223 3926 1356 3991 bladum
1378 3933 1413 3992 et

264 4027 392 4103 pratum
410 4020 474 4081 illie
490 4024 523 4081 et
539 4018 655 4080 averiis
670 4018 778 4079 suiset
791 4019 977 4081 hominibus
993 4021 1059 4082 suis
1074 4021 1251 4099 habebunt,
1261 4029 1412 4087 ettotam

263 4117 352 4178 aliud
376 4114 483 4197 profic.
507 4134 600 4176 suum
623 4113 744 4176 facient
759 4113 799 4176 de
815 4115 978 4196 praedietis
994 4116 1083 4178 sicud
1098 4118 1145 4179 616
1160 4118 1329 4200 placuerit,
1344 4121 1413 4183 eine

263 4211 518 4272 contradiocioue
532 4211 598 4273 mei
613 4210 663 4271 vol
679 4210 745 4271 her.
762 4230 805 4271 m.
821 4216 855 4271 et
869 4211 954 4273 hom.
970 4232 1015 4273 m.
1060 4211 1106 4274 Et
1128 4213 1192 4295 ipsi
1206 4214 1332 4279 molent
1345 4216 1414 4278 eine
1433 4280 1441 4296 ‚

263 4304 404 4367 multura
419 4305 460 4366 ad
475 4304 695 4366 molendinum
719 4304 759 4366 de
787 4304 940 4386 Lythdun
956 4307 983 4367 si
1000 4307 1168 4372 voluerint.
1212 4309 1284 4392 Ego
1304 4317 1414 4375 autem

262 4397 400 4461 Jacobus
415 4405 449 4461 61
471 4400 539 4461 hor.
556 4420 598 4462 m.
615 4400 703 4481 praef.
720 4420 783 4462 mo.
799 4406 832 4463 ct
849 4402 913 4464 61116
928 4403 1044 4485 assign.
1058 4407 1162 4467 totam
1178 4406 1276 4487 praed.
1293 4414 1414 4472 terram
