2940 5048
447 313 497 370 Dll
521 314 615 369 NOVO
640 311 875 368 Monlsrnmo.

515 539 609 605 ΑΜ)
616 538 813 607 WORTHE.

141 675 244 764 (552)
267 651 439 756 omnibu,
466 680 531 740 eto.
559 676 704 759 Rogems
726 676 875 738 Bertram
899 674 939 736 ad
963 695 1043 757 quos
1064 681 1238 757 presentes
1263 692 1408 808 ‹srarrtlp01

72 771 185 838 literas
200 774 421 858 pervenerint.
464 773 581 838 Sciatis
596 793 649 835 me
663 774 737 836 ded.
749 792 836 835 conc.
850 777 884 834 et
895 773 1045 855 praesenti
1061 778 1150 835 carta
1164 795 1238 836 mea
1263 759 1368 874 ἕξω

80 879 170 942 conf.
188 878 330 942 Ricardo
353 879 423 941 tilio
445 877 618 941 Baldiwini
640 876 800 959 capellani
819 878 885 939 mei
908 883 942 940 et
966 879 1031 939 suis
1057 879 1238 961 assignatis,
1264 889 1377 939 Richord

83 981 209 1038 terram
234 975 276 1038 de
301 974 487 1037 Aldeworth
513 973 566 1036 del
591 977 669 1036 west
695 972 747 1035 del
779 974 919 1055 chymyn
950 973 1036 1056 quod
1062 975 1153 1036 vadit
1181 994 1240 1056 per
1264 956 1379 1072 ffidvfrin

86 1071 230 1134 mediam
244 1070 358 1132 villam
374 1070 414 1133 de
430 1068 642 1144 Aldeworthe,
653 1088 711 1151 per
725 1074 828 1131 rectas
843 1069 961 1131 divisas
977 1089 1048 1151 quae
1063 1074 1139 1132 sunt
1153 1071 1240 1132 inter
1264 1087 1305 1136 hie
1315 1087 1390 1153 chap

88 1166 277 1229 Aldworthe
290 1170 326 1228 et
341 1165 529 1248 Ydygnton,
544 1163 595 1226 illi
618 1168 652 1226 et
674 1164 740 1226 suis
762 1165 945 1246 assignatis,
961 1164 1001 1226 de
1018 1183 1072 1227 me
1094 1170 1128 1228 et
1150 1165 1241 1227 here-
1264 1154 1408 1230 tainorum

89 1262 186 1325 dibus
200 1262 292 1340 meis,
307 1262 481 1324 tenendam
496 1266 530 1322 et
545 1259 724 1322 habendam
747 1261 782 1321 in
805 1259 899 1321 feodo
915 1265 949 1321 et
963 1260 1141 1322 hereditate
1156 1266 1191 1323 et
1205 1261 1241 1323 in
1265 1219 1364 1336 :iffi

90 1357 228 1421 liberam
238 1364 272 1421 et
283 1377 398 1440 puram
413 1365 449 1419 et
462 1361 651 1439 perpetuam
662 1354 880 1417 elemosinam.
912 1354 1055 1418 Concedo
1071 1358 1174 1419 eciam
1189 1356 1242 1420 illi

90 1460 125 1517 et
143 1454 210 1517 suis
223 1454 395 1536 assignatis
410 1451 511 1516 focale
530 1471 700 1515 commune
714 1456 748 1514 et
762 1471 967 1514 communam
982 1450 1062 1537 (aio)
1077 1459 1241 1535 pasturam

92 1570 167 1613 oum
182 1551 264 1612 meis
279 1549 464 1613 bominibus
479 1546 591 1624 solide,
605 1548 726 1629 quiete,
738 1554 772 1610 et
787 1547 886 1610 libere
901 1547 942 1609 ab
957 1551 1046 1609 omui
1061 1550 1193 1611 servicio
1207 1555 1242 1611 et

93 1648 325 1710 consuetudine
343 1652 377 1710 et
395 1645 555 1708 demanda
576 1645 663 1727 quod
685 1646 727 1708 ad
749 1650 868 1708 terram
891 1644 1061 1726 aspectat,l
1083 1646 1241 1726 pascendo

94 1743 194 1806 semel
208 1744 244 1806 in
258 1762 343 1805 anuo
359 1748 492 1805 centum
507 1761 673 1824 pauperes,
689 1762 746 1824 pro
761 1741 929 1803 animabus
944 1744 1075 1823 patrum
1098 1761 1242 1830 meorum
1266 1747 1344 1797 Reno

94 1844 128 1903 et
138 1839 285 1901 omnium
296 1843 532 1900 antecessorum
547 1857 703 1909 meorum,
715 1844 749 1899 et
763 1838 924 1900 reddendo
936 1838 1015 1898 mihi
1028 1843 1061 1898 et
1072 1837 1241 1900 heredibus
1266 1813 1364 1877 charge.

58 1964 63 1975 ·
95 1934 177 1997 meis
196 1934 253 2017 xiij
270 1934 302 1997 d.
317 1935 359 1997 ad
381 1933 578 1996 oblacionem
602 1933 644 1995 ad
667 1934 786 1995 festum
805 1933 917 1996 Sancti
937 1933 1076 1994 Thomae·
1092 1933 1240 2014 apostoli.
1367 1967 1369 1971 v

95 2031 141 2093 Et
154 2051 213 2113 pro
228 2030 326 2113 hujus
347 2031 532 2094 donacionis
554 2049 704 2092 concessu
724 2030 817 2092 dedit
832 2029 1029 2091 Baldiwinua
1047 2034 1139 2109 pater
1161 2048 1242 2110 prae-
1266 2049 1385 2100 moissac-

95 2126 177 2190 dicti
207 2125 337 2189 Ricardi
367 2146 469 2189 unum
498 2124 680 2189 talentum¹
710 2125 875 2188 Willelmo
908 2125 1065 2200 Bertram,
1092 2129 1127 2186 et
1152 2124 1242 2187 aliud
1266 2115 1358 2231 ponto

96 2223 233 2305 Hugoni
247 2223 408 2302 Bertram,
423 2223 479 2306 qui
494 2228 570 2286 eunt
584 2221 704 2306 Rogeri
720 2223 861 2285 heredes.
906 2221 979 2282 Hiis
999 2220 1146 2298 testibus,
1160 2220 1242 2282 Wil-
1285 2197 1341 2232 ω’

96 2318 194 2383 lelmo
209 2319 399 2383 sacerdote.⁸

163 2508 333 2589 Omnibus,
348 2514 410 2574 etc.
425 2508 570 2594 Rogerua
581 2510 731 2574 Bertram
746 2511 786 2573 de
800 2511 948 2587 Mitiord,
964 2510 1111 2573 salutem.
1156 2509 1240 2573 Nov.
1267 2573 1289 2622 G
1335 2505 1377 2621 bb

97 2626 150 2670 me
171 2626 230 2689 pro
252 2627 295 2669 sa.
312 2626 364 2669 an.
379 2627 423 2669 m.
439 2612 474 2669 et
496 2627 581 2670 omn.
596 2613 700 2669 antec.
716 2628 760 2669 m.
776 2628 865 2670 conc.
880 2611 914 2669 et
935 2628 966 2690 p.
982 2629 1009 2669 c.
1026 2607 1108 2669 coni.
1124 2608 1193 2669 Deo
1208 2612 1242 2670 et
1266 2581 1349 2704 322
1364 2588 1408 2688 35„

97 2701 135 2765 B.
152 2701 202 2764 M.
217 2701 250 2764 N
250 2722 301 2764 ov.
318 2701 407 2765 Mon.
423 2708 458 2766 et
473 2723 537 2765 mo.
553 2703 674 2765 ibidem
687 2703 757 2765 Deo
780 2703 1000 2780 servientibus,
1016 2704 1050 2765 iu
1071 2703 1106 2764 li.
1122 2724 1192 2785 pur.
1207 2709 1242 2766 et
1266 2711 1332 2754 tram
1343 2704 1373 2754 or

97 2818 188 2880 perp.
208 2797 250 2858 el.
271 2796 481 2861 medietatem
504 2798 590 2861 villae
612 2798 652 2860 de
675 2798 849 2875 Aldworth,
865 2819 905 2860 ex
926 2799 1116 2861 occidentali
1139 2804 1242 2881 parte,
1266 2770 1375 2888 {iffff‘

98 2914 174 2955 cum
200 2893 349 2957 omnibus
373 2894 584 2976 pertinenciis
609 2895 685 2971 suis,
707 2900 741 2956 et
763 2914 819 2975 per
843 2914 914 2956 suas
939 2895 1089 2976 antiquas
1116 2895 1243 2970 divisas,
1268 2900 1407 2952 Aldworrh.

100 3009 199 3072 quam
221 2989 343 3053 babent
357 3010 396 3052 ex
410 2990 494 3053 dono
509 2990 602 3052 Petri
623 2990 685 3052 filii
705 2990 726 3053 J
727 2992 863 3053 ohannis
885 3010 1026 3072 personae
1041 2990 1081 3053 de
1096 2991 1245 3068 Mitiord,

99 3105 199 3167 quam
208 3085 420 3148 medietatem
434 3086 579 3168 Rogerus
595 3086 744 3148 Bertram
759 3091 888 3148 attavus
900 3107 989 3147 meus
1004 3086 1093 3148 dedit
1109 3086 1246 3148 Ricardo

100 3182 169 3244 tilio
180 3180 339 3244 Baldwiui
355 3188 389 3245 et
403 3183 575 3264 assignatis
590 3183 665 3258 suis,
683 3187 717 3244 et
731 3203 804 3265 quae
819 3182 986 3244 descendit
1000 3182 1042 3244 ad
1057 3182 1248 3263 praedictum

99 3277 236 3339 Petrum
256 3281 413 3359 tanquam
435 3297 546 3339 verum
562 3280 596 3341 et
618 3284 743 3340 certum
761 3278 961 3359 assignatum
983 3278 1084 3358 ipsius
1106 3277 1248 3339 Ricardi.

100 3372 182 3436 Ten.
201 3377 236 3435 et
257 3372 333 3435 hab.
356 3373 455 3455 praed.
470 3393 535 3435 mo.
554 3371 589 3436 li.
605 3375 672 3455 qui.
695 3373 828 3456 pacifice
850 3378 884 3434 et
905 3372 1044 3454 integre,
1065 3391 1139 3433 cum
1162 3392 1248 3434 omn.

101 3468 209 3533 libert.
224 3473 259 3532 et
274 3470 385 3531 asiam.
400 3469 442 3531 ad
464 3469 561 3551 proed.
576 3469 688 3532 villam
710 3468 959 3552 pertinentibus,
974 3468 1058 3530 infra
1080 3468 1192 3530 villam
1215 3473 1251 3531 et

101 3570 204 3644 extra,
217 3566 252 3627 in
266 3567 378 3648 pratis,
393 3566 529 3648 pascuis,
550 3566 716 3642 focalibus,
732 3571 766 3627 et
788 3585 874 3628 omn.
897 3563 969 3626 aliis
992 3566 1102 3627 asiam.
1118 3565 1198 3627 adeo
1214 3565 1250 3629 li.

102 3661 144 3722 ab
164 3680 250 3723 omn.
267 3681 346 3723 serv.
362 3660 517 3736 saeculari,
532 3662 775 3736 consuetudine,
791 3666 825 3723 et
845 3661 1014 3737 demanda,
1030 3661 1119 3723 sicud
1143 3661 1251 3743 aliqua

104 3753 144 3819 el.
159 3755 293 3818 liberius
316 3760 425 3838 potest
448 3756 615 3838 possideri,
637 3763 672 3818 et
694 3756 783 3818 sicud
807 3761 896 3818 carta
920 3757 1018 3837 praed.
1039 3755 1131 3818 Petri
1154 3776 1252 3839 quam

103 3851 178 3914 inde
206 3851 330 3914 babent
360 3856 528 3934 proportat
553 3857 588 3914 et
614 3856 763 3914 testatur.
810 3852 855 3913 Et
882 3853 1048 3913 sciendum
1074 3852 1159 3934 quod
1189 3871 1250 3936 ego

104 3945 258 4029 Rogatus,
274 3947 420 4009 caritatis
434 3947 559 4009 intuitu
574 3947 683 4009 remisi
699 3951 734 4008 et
748 3946 890 4008 relaxavi
905 3951 940 4008 et
953 3947 1099 4027 quietam
1113 3946 1252 4010 clamavi

102 4042 143 4105 de
159 4062 211 4105 me
225 4042 343 4105 ether.
359 4042 490 4104 maisin
505 4049 698 4124 perpetuum
717 4042 879 4124 praedictis
894 4062 957 4103 mo.
973 4047 1007 4103 et
1022 4043 1252 4104 successoribus

102 4139 277 4201 eorundem
302 4137 359 4220 xiij
385 4138 429 4215 d.,
452 4157 530 4219 quos
556 4138 705 4220 praedioti
729 4136 886 4198 Ricardus
907 4140 941 4197 et
964 4135 1080 4199 Petrus
1106 4137 1253 4200 solebant

102 4234 271 4297 annuatim
292 4233 414 4296 solvere
436 4233 687 4296 antecessoribus
711 4233 790 4295 meis
806 4232 934 4294 etmihi
955 4253 1012 4314 pro
1032 4232 1144 4296 eadem
1166 4239 1253 4297 terra

157 4352 167 4385 ¹
186 4351 298 4421 Spectat
334 4350 345 4382 ¹
362 4352 389 4405 A
402 4357 472 4404 term
484 4349 666 4423 representing
673 4367 739 4419 very
751 4348 860 4403 various
871 4355 1003 4403 amounts.
1040 4349 1090 4407 See
1102 4351 1239 4424 Ducange.

157 4429 168 4460 ⁸
184 4429 251 4484 This
262 4430 316 4485 aad
328 4446 402 4485 some
414 4429 533 4484 chartera
545 4429 633 4484 below
646 4429 764 4483 indicate
776 4428 906 4499 marriage
918 4427 949 4482 ol
958 4428 1057 4500 clergy.
