2940 5048
427 316 476 369 ΒΕ
500 316 595 369 NOVO
620 316 856 369 nouasraam.

59 485 123 559 riae,
134 503 239 567 quam
251 482 412 547 Robertus
423 484 574 567 Pudding
588 490 679 547 tenet
693 486 729 546 in
744 486 856 548 eadem
872 484 1043 566 villa,quae
1059 490 1108 548 est
1124 486 1208 545 inter

59 580 192 643 domum
208 580 348 642 Walteri
371 582 527 662 quariarii
546 588 580 643 et
597 581 730 643 domum
746 582 879 643 Mathaei
904 581 1079 664 pelliparii.
1124 580 1207 641 Dedi

59 678 160 739 eciam
184 676 310 739 eisdem
331 676 446 739 abbati
461 684 495 738 et
510 677 674 738 monachis
689 678 852 739 redditum
875 679 979 759 quarti
997 698 1022 738 s.
1040 678 1208 738 annuatim

59 772 308 855 percipiendum
320 771 361 832 de
373 772 499 833 residuo
509 772 590 833 dicti
600 772 730 834 dimidii
743 773 820 835 tolti
832 775 908 848 mei,
917 772 1002 853 quod
1015 793 1047 833 se
1062 771 1209 832 extendit

61 888 167 929 versus
182 869 345 930 orientem
365 867 407 928 ad
423 867 592 949 praedictos
614 870 780 944 terminos,
797 868 837 930 de
853 870 974 949 meipso
990 874 1024 930 et
1038 867 1210 929 heredibus

61 965 141 1025 meis
164 963 220 1026 vel
242 964 415 1045 assignatis
437 962 519 1024 illud
543 965 707 1025 residuum
731 964 958 1045 praenominati
981 964 1110 1025 dimidii
1134 962 1210 1025 tol'ti

62 1058 258 1121 habentibus
270 1063 304 1121 et
315 1058 511 1120 tenentibus.
552 1058 597 1119 Et
608 1059 695 1120 idern
704 1059 863 1121 Robertus
872 1059 1024 1141 Pudding
1036 1064 1070 1121 et
1081 1058 1211 1120 heredes

63 1156 109 1217 sui
132 1154 290 1216 similiter
304 1160 340 1216 et
361 1174 422 1236 ego
444 1154 603 1216 Robertus
623 1153 663 1215 de
683 1154 715 1215 la
730 1154 824 1215 Laws
848 1161 881 1216 et
905 1154 1034 1216 heredes
1057 1154 1121 1215 mei
1144 1155 1211 1215 sive

62 1252 218 1333 assignati
243 1250 397 1313 babentes
418 1249 469 1312 vel
491 1254 638 1312 tenentes
660 1251 852 1332 praedictum
875 1251 1039 1312 residuum
1063 1251 1210 1332 praedicti

62 1346 193 1409 dimidii
208 1347 286 1409 tosti
302 1346 563 1428 respondebimus
583 1346 717 1428 capitali
732 1346 872 1407 Domino
888 1347 977 1408 sicud
994 1349 1137 1428 pertinet
1152 1366 1210 1427 pro

62 1442 200 1505 dimidio
212 1443 297 1504 tofto
308 1443 342 1503 in
354 1442 467 1503 eadem
478 1440 567 1519 villa,
577 1448 611 1504 et
622 1441 772 1504 omnibus
788 1442 974 1503 hominibus
990 1462 1047 1524 pro
1063 1441 1212 1503 omnibus

62 1540 125 1603 hiis
136 1562 211 1622 quae
221 1540 330 1622 aliquo
342 1540 438 1602 modo
449 1540 538 1622 exigi
548 1545 701 1621 poterunt
712 1540 754 1601 ab
766 1540 913 1601 omnibus
927 1540 1013 1616 aliis,
1022 1546 1056 1602 et
1067 1540 1211 1602 faciendo

63 1637 176 1698 omnia
197 1636 262 1698 alia
283 1636 417 1698 servicia
435 1656 507 1717 quae
525 1636 566 1697 ad
584 1636 758 1697 dimidium
781 1636 902 1698 toftum
925 1638 1093 1717 pertinent
1116 1638 1212 1698 dictae

63 1732 152 1795 villae
178 1732 219 1794 de
244 1732 399 1813 Morpath
424 1733 458 1792 in
483 1739 686 1813 perpetuum.
732 1732 778 1792 Et
803 1733 830 1792 si
859 1732 1030 1815 pradictus
1053 1732 1212 1793 Ilobertus

62 1827 218 1911 Pudding
240 1826 291 1888 rel
313 1826 445 1888 heredes
465 1828 516 1887 sui
532 1826 582 1889 vel
601 1848 661 1909 ego
676 1833 710 1889 et
725 1827 857 1889 heredes
880 1829 944 1887 mei
968 1827 1122 1888 habentes
1146 1828 1212 1887 sive

62 1928 213 1985 tenentes
241 1922 405 1985 residuum
434 1923 581 2004 praedicti
612 1923 743 1985 dimidii
768 1922 845 1984 tosti
872 1921 981 2004 aliquo
1007 1927 1151 2004 tempore
1177 1923 1210 1982 in

61 2020 225 2081 solucione
246 2018 395 2101 praedicti
417 2018 561 2080 redditus
576 2018 617 2081 ad
633 2017 776 2099 aliquam
792 2019 967 2079 terminum
990 2018 1211 2093 defecerimus,

62 2114 177 2178 licebit
192 2115 291 2177 dictis
306 2112 416 2175 abbati
431 2120 464 2176 et
479 2114 644 2175 monachis
660 2115 715 2195 qui
731 2134 788 2195 pro
804 2118 948 2195 tempore
963 2113 1084 2174 fuerint
1098 2119 1208 2194 postu·
1236 2131 1324 2179 Pon-ar
1335 2140 1362 2179 to

62 2210 131 2274 lata
156 2210 295 2273 licencia
315 2230 335 2271 a
358 2209 487 2271 ballivis
512 2210 662 2291 capitalis
688 2210 812 2271 domini
840 2230 953 2291 perse
978 2209 1030 2271 vel
1057 2229 1113 2291 per
1140 2230 1210 2271 suos
1235 2197 1346 2246 disesia.

62 2312 387 2389 utramquepartem
411 2305 559 2387 praedicti
585 2305 717 2367 dimidii
740 2306 815 2366 tofti
839 2306 1032 2386 distringere
1048 2326 1211 2386 quousque

63 2498 220 2581 Pudding
234 2505 269 2561 et
282 2498 415 2559 heredes
429 2496 481 2559 vel
496 2499 651 2579 assignati
667 2500 716 2559 sui
733 2504 766 2558 et
781 2518 841 2580 ego
857 2506 891 2560 et
909 2499 1039 2560 heredes
1059 2500 1125 2559 mei
1146 2500 1212 2561 sive

62 2596 221 2679 assignati
247 2594 405 2657 habentes
431 2594 498 2655 sive
524 2600 672 2655 tenentes
696 2593 824 2679 (tanai)
848 2595 1117 2675 praenominatum
1141 2595 1213 2656 red·

62 2692 172 2755 ditum
194 2691 305 2773 quarti
330 2710 355 2751 s.
377 2709 475 2771 quam
504 2690 606 2751 trium
636 2710 661 2752 s.
688 2690 912 2772 praedictorum
943 2690 1107 2771 praedictis
1137 2690 1210 2752 abb.

62 2792 99 2851 et
121 2808 188 2850 mo.
203 2790 317 2849 contra
338 2804 424 2848 omn.
440 2785 527 2848 hom.
543 2784 666 2847 etiem.
682 2785 718 2846 in
733 2789 925 2868 perpetuum
939 2804 1013 2848 war.
1029 2790 1063 2847 et
1084 2786 1147 2847 def.
1176 2786 1211 2847 in

62 2888 269 2967 perpetuum.

130 3074 300 3153 Omnibus,
315 3079 377 3139 etc.
393 3074 552 3140 Robertus
567 3075 607 3139 de
623 3075 656 3138 la
675 3075 780 3152 Lawe,
796 3076 943 3139 salutem.
987 3076 1068 3138 Nov.
1084 3075 1213 3137 nniver-
1273 3078 1349 3143 xuij·

63 3172 143 3235 sitas
157 3178 264 3235 vestra
278 3192 331 3235 me
346 3194 403 3255 pro
422 3192 464 3235 sa.
481 3192 533 3234 an.
548 3192 593 3234 m.
609 3177 642 3234 et
658 3192 743 3233 omn.
758 3178 862 3234 antec.
877 3192 921 3234 m.
937 3172 1009 3235 ded.
1025 3192 1113 3233 conc.
1130 3176 1210 3252 etp.
1235 3146 1392 3261 ξξζζξῗῖῠῦ

63 3288 92 3329 c.
112 3268 198 3331 coni.
218 3268 287 3333 Deo
313 3273 348 3332 et
371 3269 410 3331 B.
430 3268 477 3330 M.
497 3268 570 3330 abb.
592 3272 626 3330 et
649 3287 736 3330 mon.
751 3268 836 3330 Novi
861 3268 950 3330 Mon.
966 3270 1001 3328 in
1025 3267 1081 3329 lib.
1094 3288 1162 3349 pur.
1177 3271 1212 3328 et
1236 3278 1312 3326 house
1324 3278 1351 3325 in

62 3384 152 3447 perp.
167 3362 211 3427 el.
227 3364 391 3427 redditum
405 3364 540 3426 duorum
556 3386 580 3426 s.
593 3365 627 3425 in
642 3364 796 3426 honorem
812 3363 844 3426 S.
858 3363 1025 3427 Cuthberti
1041 3364 1212 3425 annuatim
1235 3343 1360 3409 M⁰¹P⁰l¹²

62 3458 105 3522 ad
118 3460 199 3523 duos
213 3460 380 3538 terminos,
394 3460 519 3521 scilicet
542 3460 586 3540 xij
614 3459 644 3521 d.
661 3459 703 3521 ad
728 3460 847 3522 festum
872 3459 904 3522 S.
921 3460 1092 3524 Cuthberti
1117 3460 1210 3542 (aab)

61 3554 142 3633 11⁸⁸,
156 3560 194 3619 et
207 3554 252 3637 xij
270 3554 302 3618 d.
317 3556 359 3618 ad
374 3556 494 3617 festum
509 3555 653 3637 ejusdem
669 3556 704 3616 in
716 3554 899 3636 Septembri
914 3557 1158 3638 percipiendum
1173 3556 1214 3618 de

62 3652 204 3732 quadam
230 3650 426 3713 domuncula
451 3651 601 3732 burgagii
628 3651 694 3712 mei
721 3671 760 3712 ex
787 3650 965 3732 aquilonali
988 3657 1091 3732 parte,
1118 3670 1216 3732 quam

63 3744 460 3809 Ricarduscirothecarius
471 3752 562 3808 tenet
572 3746 607 3807 in
617 3746 729 3807 eadem
739 3745 817 3807 villa
832 3746 872 3807 de
888 3745 1051 3827 Morpatb.
1076 3746 1120 3806 Et
1130 3746 1216 3807 idem

63 3838 222 3904 Ricardus
236 3845 271 3903 ot
284 3842 417 3903 heredes
431 3842 481 3903 sui
497 3841 736 3922 respondebunt
751 3841 882 3902 domino
898 3845 994 3922 prout
1005 3842 1149 3923 pertinet
1159 3861 1216 3923 pro

62 3940 157 3999 tanta
170 3936 366 3999 domuncula
380 3937 416 3999 in
431 3937 543 3999 eadem
559 3936 649 4011 villa,
662 3941 695 3998 et
711 3957 768 4018 pro
783 3935 932 3997 omnibus
948 3935 1012 3996 hiis
1023 3955 1096 4016 quae
1108 3935 1216 4017 aliquo

61 4032 160 4095 modo
182 4032 273 4115 exigi
294 4037 447 4115 poterunt
469 4032 511 4094 ab
533 4032 685 4094 omnibus
699 4030 784 4108 aliis,
800 4035 834 4092 et
850 4030 995 4092 faciendo
1019 4032 1128 4091 omnia
1151 4031 1216 4093 alia

62 4128 200 4191 servicia
214 4148 287 4209 quas
301 4126 343 4190 ad
357 4126 547 4210 predictam
570 4127 796 4189 domunculam
820 4127 984 4208 pertinent
1004 4127 1038 4187 in
1060 4126 1216 4207 praedicta

62 4222 151 4287 villa.
209 4222 297 4285 Etsi
312 4224 411 4305 praed.
427 4223 499 4287 Ric.
514 4223 566 4287 vel
581 4224 648 4285 her.
666 4244 690 4284 s.
706 4223 815 4304 aliquo
831 4230 976 4305 tempore
996 4223 1030 4282 in
1053 4222 1216 4285 solucione

62 4318 147 4381 dicti
171 4318 319 4382 redditus
343 4318 384 4381 ad
408 4318 550 4400 aliquem
576 4320 752 4379 terminum
768 4318 957 4393 defecerint,
982 4317 1095 4380 licebit
1119 4321 1218 4382 dictis

61 4414 137 4477 abb.
147 4420 184 4477 et
198 4434 262 4477 mo.
275 4415 333 4496 qui
347 4434 404 4497 pro
419 4420 565 4497 temporo
581 4415 715 4490 fuerint,
727 4412 891 4494 postulata
906 4414 1043 4477 licencia
1057 4436 1076 4477 a
1089 4415 1219 4479 ballivis
