2940 5048
445 250 497 348 oa
521 294 615 353 rovo
640 293 876 349 uonssrnaro.

74 482 152 528 oum
167 482 257 528 omn.
271 462 330 527 lib.
347 467 382 527 et
395 465 510 528 asiam.
521 465 611 528 sicud
625 464 683 527 lib.
696 464 736 528 el.
752 470 865 527 contra
879 485 965 527 omn.
978 465 1064 526 hom.
1077 485 1150 527 war.
1163 485 1234 547 aoq.

76 567 112 624 et
126 561 193 624 def.
208 562 246 623 in
259 563 468 644 perpetuum.

148 752 279 828 Sciatis,
293 755 357 814 etc.
373 750 460 834 qnod
475 770 535 834 ego
547 749 687 815 Jaoobus
702 751 743 814 de
759 750 854 816 Oalce
874 772 948 815 oum
970 752 1102 815 consilio
1117 757 1150 815 61
1168 750 1232 815 vol.
1318 768 1346 835 iij

80 853 117 913 et
125 848 372 932 adpetioionem
382 847 496 911 Aliciae
504 868 557 910 nx.
567 868 646 911 meoe
658 848 734 910 dedi
750 868 837 911 conc.
848 854 882 911 et
892 849 925 910 h.
936 869 967 930 p.
978 869 1005 911 c.
1015 869 1059 911 m.
1071 849 1154 910 conf.
1164 848 1233 910 Deo
1256 834 1367 886 Further

81 945 255 1009 6111116(
263 944 420 1007 moNovi
429 943 532 1020 Mon,
542 943 584 1007 ad
594 944 864 1006 sustentacionem
875 964 1052 1026 pauperum
1062 945 1180 1021 Christi
1192 943 1233 1005 ad
1257 902 1370 1018 ffifflf

81 1045 221 1124 portam,
231 1039 275 1123 xij
288 1060 376 1103 acras
391 1044 424 1102 et
435 1038 450 1122 j
468 1039 578 1101 rodam
589 1042 683 1101 terrae
692 1058 773 1102 meae
784 1060 859 1101 curn
871 1040 1078 1122 pertinenciis
1094 1036 1189 1125 (44a)
1198 1041 1233 1101 in
1259 1040 1359 1085 nature.

81 1137 163 1199 villa
176 1136 218 1200 de
233 1136 417 1220 Lythedun,
435 1134 571 1210 scilicet,
594 1135 630 1196 in
645 1135 729 1198 tofto
744 1139 778 1197 et
793 1136 894 1198 crofto
912 1155 983 1217 quae
1006 1136 1171 1198 Hntredus
1195 1137 1235 1198 de

81 1231 210 1295 'Irewik
219 1232 381 1315 quondam
391 1231 510 1306 tenuit,
520 1231 618 1313 juxta
627 1232 829 1312 mesuagium
850 1232 1086 1307 monachorum,
1100 1232 1114 1312 j
1128 1253 1236 1294 acram

83 1329 142 1411 etj
160 1328 272 1391 rodam
286 1328 320 1389 in
333 1346 447 1410 campo
456 1326 510 1388 del
520 1326 611 1388 West
622 1326 657 1387 111
672 1325 751 1387 duas
767 1325 866 1388 mikel
882 1325 968 1389 dales
983 1348 1061 1408 quas
1076 1327 1235 1389 Robertus

83 1424 173 1487 filius
192 1424 349 1507 Stephani
369 1427 403 1485 61
424 1421 590 1505 sywardus
612 1423 774 1504 quondam
792 1426 975 1498 tenuerunt,
997 1423 1034 1506 iij
1056 1444 1143 1485 acras
1161 1445 1235 1485 cum

84 1520 293 1603 pertinenciis
308 1518 370 1602 etj
392 1519 494 1601 phayr
512 1518 584 1581 dale
607 1518 689 1580 dicti
700 1519 845 1593 Roherti,
860 1517 897 1600 iij
916 1520 1006 1581 rodas
1021 1526 1055 1581 et
1066 1520 1236 1582 dimidiam

84 1616 196 1679 rodam
207 1636 281 1679 cum
296 1620 366 1678 toto
378 1618 472 1698 prato
482 1634 588 1677 versus
600 1614 758 1675 orientem
774 1614 925 1696 usquead
935 1620 1055 1676 terram
1066 1636 1155 1677 suam
1168 1637 1238 1678 ara-

84 1712 187 1775 bilem
205 1711 247 1775 de
271 1711 448 1786 Hortlawe,
469 1714 504 1772 et
529 1709 553 1792 ij
570 1709 712 1773 haldales
735 1709 868 1773 Siwardi
894 1715 928 1772 et
943 1710 1112 1792 Roberti,j
1130 1732 1237 1774 acram

84 1815 120 1871 et
148 1814 215 1871 tres
235 1808 329 1870 rodas
351 1828 426 1869 cum
448 1810 542 1888 prato
564 1811 599 1868 et
620 1826 761 1868 maresco
783 1806 868 1888 apud
892 1805 1066 1883 Hortlawe‚
1089 1808 1129 1869 de
1152 1813 1238 1870 terra

77 1895 223 1968 'Sisardi
248 1902 272 1986 ij
301 1924 390 1967 acras
415 1907 451 1965 et
471 1901 486 1984 j
512 1902 636 1980 rodam,
659 1907 693 1964 et
719 1901 759 1964 de
783 1902 917 1964 Roberti
941 1902 1063 1964 ibidem
1083 1902 1097 1984 j
1131 1923 1238 1965 acram

86 2021 161 2062 cum
191 1999 410 2082 pertinenciis,
442 2002 476 2060 et
506 1997 541 2059 in
563 1996 743 2060 Prostisflat
764 1997 788 2081 ij
813 2018 901 2059 acras
924 2002 1018 2059 terrae
1040 1997 1144 2060 cultas
1166 2018 1239 2080 pro-

85 2096 270 2179 pinquiores
291 2092 461 2156 mikildale
482 2093 723 2171 monachorum,
737 2114 815 2175 quas
837 2094 976 2155 Thomas
999 2093 1038 2154 de
1053 2090 1239 2156 Clenhwille

85 2191 249 2274 quondam
286 2190 405 2263 tenuit,
441 2209 516 2251 oum
540 2188 690 2252 omnibus
719 2189 926 2270 pertinenciis
959 2194 993 2251 et
1017 2187 1240 2271 adjacentibus

83 2285 313 2370 praedictarum
336 2304 483 2347 acrarum
508 2283 641 2366 ubique,
663 2303 721 2366 pro
747 2284 850 2346 salute
875 2284 993 2347 animae
1019 2304 1108 2360 meae,
1132 2285 1239 2346 uxoris

84 2402 177 2459 meae,
208 2388 444 2444 antecessorum
472 2385 507 2443 et
535 2379 689 2442 heredum
719 2384 902 2442 nostrorum
933 2384 967 2442 et
996 2400 1053 2462 pro
1077 2401 1097 2442 v
1122 2382 1239 2442 marcis

85 2477 214 2560 argenti
235 2495 314 2558 quas
337 2474 486 2557 praedicti
501 2475 651 2537 monachi
666 2475 749 2537 mihi
764 2479 798 2537 et
813 2475 926 2537 Aliciae
941 2477 1033 2537 uxori
1046 2496 1128 2538 meae
1143 2477 1239 2539 dede-

84 2578 172 2636 runt.
217 2570 359 2634 Tenend.
374 2575 409 2633 et
430 2569 565 2634 habend.
589 2569 666 2633 dict.
685 2589 775 2632 mon.
796 2574 830 2632 et
846 2571 912 2632 suis
934 2571 1052 2654 assign.
1074 2571 1115 2634 (16
1137 2593 1189 2634 me
1205 2577 1239 2635 et

85 2670 155 2731 her.
170 2688 216 2730 m.
228 2667 338 2733 inlib.
358 2687 431 2748 pur.
454 2672 488 2728 et
512 2685 602 2748 perp.
618 2665 660 2728 el.
675 2686 750 2727 oum
766 2667 932 2727 communi
947 2673 1080 2748 pastura
1094 2669 1129 2730 in
1144 2669 1238 2731 bosco

87 2766 174 2827 etin
190 2765 285 2847 plano
301 2764 370 2825 sine
385 2761 494 2843 aliqua
505 2761 706 2843 exceptione,
716 2780 791 2822 cum
800 2761 949 2823 omnibus
964 2762 1036 2825 aliis
1052 2765 1239 2825 asiamentis

85 2862 126 2923 in·
137 2860 287 2923 omnibus
302 2857 343 2921 ad
358 2858 480 2920 dictam
499 2855 610 2919 villam
627 2857 667 2919 de
682 2856 854 2938 Lythedun
869 2859 1117 2939 pertinentibus,
1129 2860 1239 2938 libere,

86 2957 273 3032 honorifice,
288 2955 426 3035 integre,
451 2958 486 3016 et
509 2953 619 3035 quiete
643 2952 684 3014 ab
710 2954 799 3014 omni
814 2955 1057 3032 consuetudine,
1073 2976 1177 3019 exarc.
1204 2963 1239 3018 et

87 3054 186 3131 dem,
201 3057 236 3115 et
249 3071 269 3113 a
283 3050 415 3112 servicio
430 3048 553 3110 domini
568 3049 668 3131 Regis
684 3048 769 3130 quod
784 3048 907 3110 dicitur
921 3050 1061 3129 Vtware,
1075 3056 1109 3113 et
1124 3072 1144 3113 a
1158 3071 1238 3132 pan·

87 3150 196 3232 nagio,
222 3152 257 3210 et
279 3145 321 3208 ab
344 3164 429 3206 omn.
453 3143 526 3205 aliis
558 3142 763 3206 saecularibus
786 3145 928 3206 serviciis
962 3165 1035 3226 quae
1058 3146 1099 3208 de
1127 3146 1239 3228 aliqua

87 3251 174 3307 terra
189 3246 322 3326 possunt
336 3240 423 3322 exigi
438 3239 488 3302 vel
503 3238 592 3312 dari3
615 3242 650 3300 et
664 3239 743 3302 adeo
759 3237 869 3314 libere,
880 3240 1063 3316 honorifice,
1079 3246 1114 3302 et
1128 3244 1238 3322 quiete

87 3341 123 3403 in
138 3339 300 3414 omnibus,
323 3337 414 3399 sicud
442 3333 566 3397 habent
591 3333 615 3416 ij
644 3334 775 3397 bovatas
799 3340 892 3396 terrae
916 3334 955 3396 de
973 3354 1027 3395 me
1050 3339 1085 3397 et
1111 3336 1177 3399 her.
1193 3357 1238 3399 m.

88 3439 124 3499 in
139 3436 219 3498 villa
240 3434 281 3496 de
303 3430 497 3516 Lythedonn
519 3450 577 3511 per
600 3435 723 3494 cartam
745 3450 863 3504 meam,
887 3430 922 3489 in
937 3450 1007 3511 pur.
1032 3435 1067 3492 et
1092 3452 1181 3514 perp.
1196 3433 1239 3496 61.

90 3533 135 3595 Ε1
157 3530 307 3615 praedicti
336 3546 400 3590 mo.
431 3531 466 3589 et
496 3527 546 3588 sui
576 3527 694 3606 assign.
732 3525 858 3586 molent
887 3529 921 3586 et
950 3525 1170 3588 molendinum
1200 3529 1240 3591 de

88 3626 283 3710 Lythedonn
298 3624 326 3686 si
342 3622 512 3698 voluerint,
527 3625 560 3683 61
576 3621 679 3702 quieti
695 3624 791 3682 erunt
806 3620 845 3681 de
857 3619 1008 3683 multura.
1055 3622 1099 3684 Et
1111 3624 1241 3705 capient

89 3743 186 3806 equos
200 3741 273 3784 suos
289 3720 324 3781 in
338 3718 440 3780 boscis
455 3717 537 3779 meis
567 3716 694 3798 quando
710 3715 882 3791 voluerint,
897 3721 931 3778 et
945 3716 1096 3780 claudent
1110 3724 1144 3781 et
1164 3721 1242 3782 1611-

90 3819 233 3881 licabunt
259 3815 344 3877 infra
369 3812 412 3896 xij
442 3812 612 3895 praedictas
636 3831 723 3872 acras
749 3815 784 3872 61
809 3815 917 3872 toturn
947 3812 1036 3875 aliud
1063 3814 1240 3894 proficuum

90 3935 183 3977 suum
201 3912 321 3974 lanient
335 3909 424 3971 sicud
436 3909 482 3970 eis
497 3906 665 3990 placuerit.
711 3906 781 3988 Ego
797 3916 906 3968 autern
919 3907 941 3968 J
942 3908 1057 3969 acobus
1071 3910 1182 3972 ether.
1195 3932 1240 3973 m.

91 4010 232 4092 praelatis
247 4027 313 4070 mo.
331 4011 366 4068 et
389 4005 455 4066 suis
478 4003 595 4084 assign.
622 4003 733 4064 omnia
746 4003 900 4083 praediota
927 4004 1017 4065 sicud
1043 4004 1098 4066 lib.
1118 4025 1186 4087 pur.
1207 4012 1241 4069 et

90 4127 177 4189 perp.
190 4104 232 4166 el.
249 4106 362 4164 contra
377 4120 464 4162 omn.
473 4100 559 4161 hom.
576 4102 611 4184 61
624 4097 772 4160 foeminas
787 4097 850 4160 def.
866 4098 901 4158 in
916 4104 1120 4180 perpetuum.

157 4295 299 4359 lacobus
311 4293 351 4355 de
362 4291 456 4356 Calce
472 4295 506 4353 et
522 4289 627 4352 Alicia
642 4311 722 4352 uxor
737 4311 805 4365 sua,
821 4288 968 4352 salutem.
1014 4290 1132 4357 Sciatis
1156 4297 1241 4378 quod
1323 4331 1362 4397 iiij

92 4413 149 4455 nos
164 4412 221 4474 per
236 4408 373 4472 praeseus
395 4388 552 4469 scriptum
576 4391 721 4448 nostrum
736 4390 770 4447 et
786 4406 841 4467 por
856 4386 955 4449 fidem
977 4394 1119 4452 nostram
1142 4393 1242 4456 inter·
1268 4398 1417 4463 Obligation
