2940 5048
433 325 481 380 DE
505 326 600 381 NOVO
626 326 862 381 MONASTERIO.

65 495 224 560 Praeterea
246 495 338 575 dedi,
363 496 484 573 remisi,
507 496 658 574 relaxavi,
672 502 706 559 et
729 497 878 578 quietum
900 493 1037 556 clamavi
1060 494 1223 576 praediotis

64 593 177 656 abbati
192 599 229 656 et
248 593 425 656 conventui
438 592 480 656 de
494 613 547 656 me
570 598 604 655 et
629 593 738 655 hered.
753 591 883 654 maisin
898 595 1102 673 perpetuum,
1117 595 1224 653 totum

65 689 115 766 ius
130 695 167 753 at
189 689 349 752 clamium
369 689 455 770 quod
470 688 583 768 habui,
606 709 661 750 seu
684 688 830 751 homines
852 688 918 749 mei
941 686 981 749 de
998 686 1118 750 Clilton
1135 693 1169 749 et
1183 687 1223 750 de

66 784 222 850 Caldwall
236 786 421 849 habueruut
436 785 699 847 communicandi
714 785 799 847 infra
815 784 934 846 divisas
956 783 1125 865 praedictas
1147 802 1222 844 cum
1248 801 1377 851 common.

64 883 186 944 averiis
208 881 477 965 quibuscumque,
501 883 628 944 tamin
651 881 747 943 terris
769 880 866 942 cultis
889 900 986 961 quam
1007 881 1118 956 vastis,
1144 899 1224 961 quo·
1247 866 1323 931 right

65 998 207 1062 curruque
230 985 377 1060 tempora
400 979 490 1057 anni,
513 979 562 1040 ita
586 977 673 1061 quod
698 977 845 1059 praedicti
870 977 969 1039 abbas
995 982 1030 1039 et
1047 982 1223 1038 conventus

66 1075 241 1158 praedictas
255 1081 358 1138 terras
373 1079 408 1137 et
421 1079 610 1137 tenementa
630 1075 717 1136 infra
739 1073 988 1156 praenominatas
1008 1072 1125 1135 divisas
1147 1092 1223 1135 con-

66 1177 161 1233 tenta
176 1171 369 1233 habeantet
383 1175 518 1233 teneant
536 1171 572 1231 iu
590 1169 807 1253 separalitate,
819 1168 860 1230 ad
875 1168 1090 1230 claudendum
1106 1169 1222 1231 fossato
1247 1177 1392 1227 Enelaurs.

67 1272 102 1329 et
116 1265 350 1349 asportandum
365 1286 424 1348 pro
439 1266 609 1328 voluntate
624 1286 691 1342 sua,
707 1265 827 1347 absque
842 1264 949 1346 aliqua
965 1265 1223 1327 contradiociona

67 1384 124 1425 scu
138 1362 328 1446 calumpnia
342 1365 407 1425 mei
422 1362 475 1425 vel
490 1361 645 1425 heredum
663 1381 808 1423 meorum
832 1381 888 1423 sau
911 1361 1080 1423 bominum
1101 1362 1136 1422 in
1151 1381 1224 1443 per-

66 1464 219 1543 petuum.
264 1457 412 1522 Concassi
427 1460 560 1541 insuper
575 1457 718 1540 praefatis
733 1456 845 1519 abbati
861 1461 895 1518 et
915 1458 1088 1519 couventui
1112 1462 1147 1518 et
1165 1477 1224 1539 per
1248 1467 1320 1518 Isnd
1331 1467 1358 1517 in

67 1560 195 1617 cartam
206 1554 404 1632 confirmavi,
414 1553 429 1637 j
446 1574 555 1616 acram
570 1559 663 1616 terrae
673 1552 806 1615 arabilis
817 1574 892 1614 cum
906 1558 998 1636 prato
1009 1552 1177 1636 adjacente
1188 1555 1224 1616 in
1249 1535 1352 1585 cristan

67 1672 186 1735 campo
208 1651 250 1714 de
273 1649 407 1725 Clilton,
431 1656 465 1713 et
488 1670 696 1712 communem
721 1652 861 1732 pasturae
891 1669 947 1731 per
976 1670 1085 1712 amnas
1113 1655 1223 1727 terras,

67 1767 213 1830 campos,
228 1751 263 1809 et
276 1766 382 1808 moras
393 1746 435 1808 de
445 1745 566 1810 Cliston
581 1747 664 1809 etde
680 1744 865 1820 Caldewell,
878 1746 966 1807 omni
981 1751 1125 1828 tempore
1134 1749 1224 1823 anni,

69 1845 141 1906 sine
156 1843 226 1906 ullo
244 1847 470 1905 ratanemento
484 1841 537 1905 vel
552 1842 694 1917 defensa,
716 1842 758 1904 ad
774 1843 884 1904 omnia
898 1847 932 1904 et
947 1842 1133 1905 omnimoda
1155 1845 1224 1906 ani-

68 1939 173 2002 malia
188 1959 246 2001 sua
261 1937 419 2001 cubancia
434 1942 467 2000 et
481 1937 629 1999 levancia
643 1938 684 2000 ad
698 1938 870 2020 grangiam
881 1957 972 2000 suam
994 1937 1034 1998 de
1055 1937 1225 2001 Caldewell

69 2039 106 2098 in
116 2040 324 2119 perpetuum.
348 2035 486 2117 Insuper
503 2035 579 2097 dedi
594 2038 629 2096 et
644 2035 785 2096 concessi
798 2034 962 2116 predictis
978 2033 1090 2096 abbati
1105 2041 1139 2097 et
1150 2055 1225 2096 con·
1250 2049 1329 2114 Rigln
1340 2051 1368 2099 of

70 2133 188 2194 ventui
212 2131 350 2193 liberum
374 2131 548 2193 introitum
571 2135 606 2192 ct
629 2131 754 2192 exitum
777 2135 811 2192 et
835 2130 1010 2191 transitum
1034 2150 1091 2211 par
1115 2150 1225 2193 omnes
1250 2124 1402 2232 {mand

70 2233 175 2289 terras
196 2247 285 2289 meas
307 2228 348 2289 da
363 2225 488 2290 Clifton
508 2230 542 2288 et
564 2226 605 2288 da
627 2224 800 2289 caldewell
823 2226 893 2287 sine
915 2225 1113 2288 alianaciona
1137 2232 1226 2289 tena-
1251 2247 1380 2299 calderon.

70 2324 177 2385 manti
194 2323 258 2385 mei
273 2323 316 2386 ad
331 2323 441 2385 omnia
453 2323 631 2384 necessaria
646 2342 702 2384 sua
717 2322 838 2404 absque
852 2322 992 2403 dampno
1007 2323 1042 2382 in
1064 2320 1170 2385 bladis
1193 2328 1227 2385 at

70 2419 351 2503 pratiafaciando,
365 2431 400 2481 et
413 2437 513 2480 uuam
528 2418 681 2480 semitam
700 2417 836 2479 liberam
859 2438 915 2499 per
937 2422 1057 2480 terram
1079 2439 1186 2481 meam
1207 2440 1228 2483 a

69 2512 224 2577 domibus
239 2516 305 2577 suis
319 2514 476 2596 usquead
492 2514 615 2577 fontem
630 2513 670 2575 de
685 2512 862 2595 Seharplau
880 2514 921 2576 ad
944 2534 1061 2596 aquam
1077 2516 1227 2578 haurien-

72 2611 161 2685 dam,
184 2610 254 2672 sina
283 2610 508 2693 inpedimento
538 2615 573 2672 et
602 2610 792 2693 gravamina
818 2611 883 2672 mci
911 2631 966 2673 seu
995 2612 1150 2675 heredum
1177 2613 1227 2676 vel

72 2709 244 2770 homiuum
260 2726 405 2769 meorum
420 2707 455 2768 in
470 2709 673 2788 perpetuum.
728 2705 773 2766 Et
795 2724 854 2787 ego
877 2706 1032 2769 Ricardus
1047 2714 1081 2770 et
1096 2710 1228 2772 heredes

74 2803 140 2866 mei
154 2822 267 2865 omnes
287 2802 457 2886 praedictas
480 2801 684 2875 donaciones,
707 2802 931 2878 concessiones,
954 2804 1228 2880 confirmaciones,

73 2906 109 2961 at
123 2898 292 2962 libertates
306 2898 467 2981 praedictis
487 2897 597 2961 abbati
620 2903 654 2959 et
669 2898 842 2959 conventui
865 2899 956 2962 sicud
972 2898 1027 2961 lib.
1044 2921 1114 2983 pur.
1140 2920 1227 2983 perp.

74 2996 116 3058 el.
131 2995 392 3059 warantabimus.

142 3185 402 3251 Robertusfilius
414 3148 774 3262 Christianoe‚salutem.
807 3187 971 3249 Noveritis
986 3206 1038 3249 ma
1053 3208 1110 3269 pro
1126 3187 1229 3250 salute
1313 3186 1351 3235 ix·

74 3285 205 3360 fflimae,
228 3282 395 3361 relaxasse,
420 3285 567 3366 quietum
591 3283 743 3345 clamasse
768 3303 826 3365 pro
849 3302 902 3344 me
933 3287 967 3344 et
996 3283 1165 3346 heredibus
1194 3285 1227 3346 in
1254 3252 1406 3381 fflffiffi

77 3385 284 3465 perpetuum,
307 3379 388 3456 Deo,
410 3387 473 3443 etc.
496 3380 617 3443 Abbati
640 3384 675 3441 et
698 3378 879 3442 Conventui
904 3378 987 3440 Novi
1010 3378 1099 3440 Mon.
1121 3384 1229 3442 totum
1254 3384 1352 3432 landet

71 3476 127 3560 jus
141 3482 177 3539 et
191 3476 347 3539 claminm
371 3477 457 3559 quod
485 3475 583 3539 habui
605 3475 656 3538 vel
678 3477 794 3539 habere
815 3475 907 3558 potui
933 3476 967 3537 in
990 3481 1060 3538 tota
1085 3485 1172 3539 terra
1195 3483 1231 3539 ct
1256 3448 1396 3580 &32ssss

76 3578 211 3657 pastura
235 3573 322 3656 apud
344 3575 514 3656 grangiam
536 3574 576 3635 da
611 3571 781 3636 Caldewell
812 3592 868 3654 per
891 3572 1008 3635 divisas
1031 3570 1129 3656 (lob)
1158 3594 1231 3656 quae
1256 3598 1300 3630 son
1313 3582 1342 3631 of

76 3669 111 3731 in
141 3674 233 3731 carta
262 3668 394 3732 Ricardi
422 3669 462 3731 de
492 3667 632 3750 Coyncrs
659 3668 875 3741 continentur,
901 3668 949 3729 ita
977 3669 1064 3750 quod
1089 3690 1148 3731 nac
1170 3690 1230 3750 ego
1257 3647 1406 3698 Christiana.

77 3785 136 3829 nac
152 3765 287 3827 heredes
302 3766 376 3840 mai,
385 3765 571 3846 uecaliquis
589 3763 670 3825 alius
690 3764 821 3825 nomina
843 3785 926 3842 meo,
941 3785 1048 3826 versus
1063 3767 1232 3847 praedictos

77 3861 233 3925 abbatam
249 3865 285 3922 et
300 3865 500 3923 conventum
515 3861 556 3922 de
573 3859 735 3941 praedictis
750 3859 844 3920 terris
859 3859 1078 3941 calumpniam
1093 3882 1232 3938 movere,

78 3978 133 4020 seu
149 3958 183 4019 in
199 3957 321 4019 eisdem
335 3957 428 4019 terris
443 3961 476 4018 et
490 3960 621 4038 pastura
636 3975 841 4017 communam
856 3962 994 4037 pasturas
1006 3976 1134 4039 quoquo
1149 3962 1233 4020 tem·

79 4074 154 4137 pora
169 4053 248 4116 anni
262 4052 389 4134 exigere
404 4051 455 4114 vel
476 4051 645 4114 vendicare
668 4052 846 4133 poterimus
861 4051 894 4113 in
911 4057 1114 4135 perpetuum.
1161 4055 1234 4118 Hiis

81 4149 230 4213 testibus.

145 4340 336 4404 Willelmus
352 4340 453 4404 Cocus
470 4340 510 4403 de
534 4340 656 4404 Clifton
681 4347 716 4403 et
732 4341 826 4403 Alina
851 4363 929 4405 uxor
948 4341 1017 4425 ejus
1039 4345 1184 4408 relaxant
1200 4352 1235 4409 et
1326 4367 1343 4399 x

80 4439 230 4521 quietum
255 4435 410 4509 clamant,
425 4456 483 4519 pro
507 4458 540 4498 sc
563 4441 598 4498 et
613 4438 688 4512 suis,
704 4442 809 4499 totum
832 4437 887 4519 jus
913 4444 947 4501 et
973 4439 1125 4502 claminm
1148 4442 1235 4523 quod
1260 4416 1396 4473 Quitelaim
