2940 5048
133 246 154 315 2
748 243 1023 315 enssmnsnwn

132 442 230 492 Linton.
307 440 342 496 et
357 437 441 496 sicut
455 407 656 524 Lina.·c'urrit
670 452 770 514 usque
785 432 825 494 ad
841 431 975 493 divisam
997 430 1037 492 de
1058 429 1229 502 Linttuna‚
1244 433 1278 490 ct
1293 427 1340 490 sio
1355 445 1455 508 usque

307 531 348 592 ad
371 520 576 626 divisam'de
603 526 773 614 (Focum).
816 528 923 610 Hujus
946 527 1131 589 donacionis
1155 529 1230 587 sunt
1260 529 1370 601 testes,
1393 529 1455 584 etc.

307 625 513 734 (MWW
526 624 666 710 picen).¹

133 931 269 1007 Qonflrma-
375 924 449 1011 (la)
472 926 624 988 Roeuaus
653 943 695 987 nn
731 923 865 988 Manum
895 925 1044 986 omnibus
1081 928 1114 985 et
1140 928 1266 999 caetera,
1292 920 1457 986 salutem.¹

134 1005 186 1112 {31¹¹
195 995 341 1126 ζᾷΒῇζΝ
342 1029 433 1085 otum
449 1023 494 1085 sit
513 1021 603 1085 vobis
618 1042 671 1083 me
686 1022 851 1083 communi
867 1022 1001 1083 consilio
1017 1026 1052 1083 et
1066 1039 1220 1081 consensu
1232 1025 1406 1100 parentum
1423 1024 1458 1082 et

135 1097 296 1204 Roget-ii!
309 1121 486 1182 amicorum
502 1138 646 1181 meorum
664 1125 698 1180 et
715 1117 883 1179 hominum
897 1137 1044 1178 meorum
1060 1117 1247 1178 concessisse
1262 1121 1297 1178 et
1307 1115 1458 1198 praesenti

178 1277 201 1304 ·.
221 1223 236 1271 ·.
249 1208 258 1223 ’
310 1222 398 1278 carta
413 1214 615 1277 confirmasse
629 1214 839 1276 donacionem
851 1232 948 1296 quam
959 1218 1050 1294 pater
1060 1232 1149 1274 meus
1164 1209 1403 1296 Ra(nulptua)
1418 1211 1458 1273 de

211 1301 217 1316 ⁸
310 1312 427 1373 Mertai
438 1311 549 1372 Decet
559 1309 725 1372 monachis
736 1309 898 1372 abbathiae
909 1308 1034 1371 Sanctae
1044 1305 1161 1370 Mariae
1172 1307 1256 1369 Novi
1267 1308 1459 1370 Monasterii

77 1410 84 1425 “
310 1431 409 1492 quam
424 1413 493 1492 ipse
516 1410 704 1486 construxit,
729 1410 765 1471 in
787 1408 885 1470 feudo
901 1413 935 1469 et
955 1407 1128 1470 elemosina
1144 1408 1300 1469 concessit
1315 1412 1349 1469 et
1364 1407 1459 1468 dedit

311 1517 345 1569 et
355 1506 532 1568 multorum
542 1506 729 1567 testimonio
743 1511 830 1566 carta
846 1524 902 1565 sua
914 1504 1128 1579 confirmavit,
1140 1503 1273 1580 scilicet,
1285 1503 1459 1565 Rittunam

311 1610 345 1665 et
360 1602 515 1684 quioquid
530 1600 570 1662 ad
593 1601 685 1663 illam
700 1602 854 1683 pertinet,
870 1600 1015 1661 inbosco
1037 1605 1071 1661 et
1093 1600 1127 1660 in
1151 1599 1260 1682 plano,
1275 1604 1310 1661 et
1331 1603 1460 1681 partem

312 1698 399 1760 siivae
424 1697 464 1759 de
491 1696 627 1778 Wytton
651 1697 742 1759 sicud
766 1697 812 1758 eis
836 1715 943 1757 coram
971 1697 1036 1757 suis
1061 1694 1247 1756 hominibus
1273 1694 1397 1770 divisit,
1424 1700 1459 1757 et

312 1801 415 1856 totam
432 1792 550 1854 vallem
565 1794 650 1854 inter
666 1793 817 1874 Morpath
834 1796 869 1854 et
884 1791 1032 1867 Mitford‚
1048 1791 1212 1866 videlicet,
1227 1812 1266 1853 ex
1288 1811 1352 1853 una
1367 1797 1459 1874 parte

312 1909 403 1972 aquae
418 1893 540 1951 erecta
555 1888 659 1950 divisa
673 1890 760 1951 inter
771 1888 922 1970 Morpath
938 1895 972 1950 et
983 1887 1103 1963 Hebro,
1115 1887 1204 1948 sicud
1220 1889 1322 1950 currit
1336 1887 1460 1950 rivulus

312 1988 369 2068 qui
383 1992 513 2048 vocatur
529 1984 687 2062 Fulbeke,
698 1991 733 2048 et
748 1985 836 2048 eadit
847 1987 882 2046 in
898 1984 1148 2067 Gottingbuma,
1160 1989 1194 2046 et
1206 1984 1294 2046 sicud
1310 1983 1461 2066 Gotting-

313 2082 416 2143 burna
431 2083 533 2144 currit
548 2081 660 2143 subtus
676 2081 832 2144 Prestelai
844 2101 901 2163 per
912 2101 1010 2142 unam
1026 2080 1175 2157 divisam,
1187 2099 1285 2163 quam
1294 2081 1340 2142 eis
1352 2100 1460 2143 coram

313 2179 378 2240 suis
393 2177 577 2240 hominibus
593 2177 671 2240 fecit
686 2197 786 2259 usque
801 2178 836 2238 in
852 2176 1016 2259 Wanspie‚
1028 2181 1062 2237 et
1078 2177 1124 2238 sie
1139 2197 1238 2260 usque
1261 2176 1302 2238 ad
1324 2177 1461 2240 divisam

313 2276 400 2336 inter
422 2294 475 2336 me
497 2279 532 2335 et
554 2272 718 2355 Rogerum
741 2274 900 2349 Bertram,
916 2272 1071 2355 quicquid
1089 2272 1135 2334 ibi
1155 2275 1254 2336 estin
1269 2274 1363 2337 bosco
1377 2279 1411 2336 et
1426 2275 1461 2336 in

314 2370 422 2452 plane,
437 2376 471 2431 et
494 2389 533 2430 ex
554 2367 655 2430 altera
677 2373 770 2450 parte
793 2388 885 2450 aquae
906 2389 964 2451 per
980 2370 1089 2451 ipsum
1109 2368 1318 2450 supercilium
1341 2369 1462 2433 montis

314 2485 354 2527 ex
368 2469 547 2527 transverso
569 2485 671 2546 usque
693 2465 735 2526 ad
757 2484 857 2526 unam
880 2464 1017 2540 leoham,
1034 2471 1068 2527 et
1084 2466 1175 2528 sicud
1191 2466 1249 2527 illa
1263 2466 1356 2528 lecha
1371 2466 1462 2528 vadit

315 2581 416 2643 usque
427 2559 573 2637 Wdedic‚
584 2564 618 2621 et
633 2580 690 2642 per
705 2560 840 2623 Wdedic
856 2581 956 2643 usque
972 2561 1154 2637 Meredene,
1170 2567 1204 2624 ct
1218 2582 1276 2645 per
1290 2562 1462 2625 Meredene

315 2677 415 2739 usque
437 2658 472 2718 in
488 2654 675 2738 Wanspike‚
691 2677 763 2738 quae
778 2657 825 2718 ibi
842 2658 1050 2719 continentur
1070 2658 1107 2719 in
1130 2658 1221 2720 silvis
1244 2663 1276 2720 et
1300 2659 1335 2720 in
1357 2659 1461 2720 terris.

317 2754 454 2834 Insuper
468 2753 623 2814 concessit
637 2754 683 2814 eis
698 2757 737 2814 ut
746 2752 886 2816 habeant
901 2773 1104 2816 communem
1114 2758 1277 2835 pasturam
1286 2759 1380 2817 terrae
1389 2773 1463 2830 suae,

317 2849 478 2924 videlicet,
497 2848 582 2930 apud
598 2848 726 2909 Witton
742 2854 775 2910 et
790 2850 876 2931 apud
891 2849 1046 2931 Morpath
1057 2853 1091 2911 et
1111 2850 1197 2932 apud
1219 2849 1366 2932 Hulgam
1389 2870 1464 2912 cum

318 2944 502 3007 hominibus
518 2945 592 3021 suis,
608 2949 642 3006 et
656 2944 802 3007 homines
818 2944 885 3027 ejus
897 2965 970 3007 eum
982 2946 1146 3007 monachis
1158 2947 1200 3008 ad
1211 2945 1344 3009 eandem
1356 2951 1466 3029 paetu-

319 3061 389 3102 ram
398 3040 537 3101 liberum
546 3041 671 3102 exitum
681 3039 816 3122 peculias
825 3061 899 3103 suae.
924 3041 968 3102 Et
979 3042 1066 3123 apud
1077 3040 1222 3123 Hulgam
1232 3041 1273 3103 ad
1280 3046 1467 3104 construen-

140 3143 296 3208 TheEagle's
321 3137 377 3198 das
395 3137 544 3218 grangias
564 3156 636 3198 suas
655 3136 747 3198 dedit
761 3138 807 3198 eis
828 3158 847 3199 a
867 3137 946 3199 nido
956 3138 1074 3219 aquilae
1092 3137 1215 3222 (osque
1233 3135 1280 3200 od
1292 3135 1467 3228 Μέθην

140 3220 202 3261 Μ·
321 3233 454 3314 Egardi,
465 3239 499 3294 et
510 3233 600 3295 sicud
616 3234 716 3295 currit
731 3234 852 3296 rivulus
867 3233 1012 3316 ejusdem
1030 3234 1129 3296 fontis
1144 3235 1180 3295 in
1190 3233 1318 3312 Linam,
1327 3239 1362 3297 et
1377 3234 1468 3297 sicud

320 3338 402 3399 Lina
418 3339 518 3400 currit
532 3358 632 3420 usque
647 3338 688 3399 ad
704 3338 841 3399 divisam
861 3339 901 3400 de
917 3339 1079 3419 Lyntuna,
1094 3344 1128 3400 et
1149 3341 1194 3400 sie
1209 3359 1308 3421 usque
1328 3339 1368 3401 ad
1384 3340 1469 3401 divi·

318 3456 386 3497 sam
401 3434 441 3496 de
453 3435 584 3511 Forum,
599 3440 632 3496 et
648 3434 734 3495 ultra
749 3434 873 3495 fontem
889 3434 1011 3515 Egardi
1034 3436 1146 3496 decem
1161 3455 1249 3497 acras
1269 3442 1469 3518 serraquae

316 3531 361 3590 eis
374 3531 462 3611 prius
478 3529 610 3589 dederat
624 3534 658 3589 et
673 3533 762 3589 carta
777 3548 833 3589 sua
855 3527 1109 3592 confirmaverat.
1155 3529 1264 3612 Hujus
1282 3531 1469 3593 donacionis

316 3632 349 3686 et
365 3625 573 3686 concessionis
587 3629 648 3685 etc.

376 3817 519 3898 Rogatus
529 3816 569 3878 de
580 3815 706 3898 Merlay
716 3816 886 3880 confirmat
894 3818 998 3899 patris
1009 3820 1058 3881 sui
1071 3819 1292 3898 donacionem,
1304 3820 1458 3883 videlicet

371 4000 379 4030 ¹
399 3996 465 4050 This
476 3996 583 4050 cherter
594 3995 642 4049 has
654 4012 735 4050 never
744 3995 810 4050 been
823 3997 932 4051 entered
945 3997 973 4050 in
986 3997 1033 4052 the
1045 3997 1190 4069 cartulary.
1217 4000 1246 4053 It
1255 4000 1278 4054 is
1287 4000 1350 4054 here
1362 4000 1423 4073 prin
1441 4025 1462 4049 ιο

315 4078 386 4131 from
405 4077 453 4128 the
473 4075 580 4128 ancient
598 4073 650 4127 roll
661 4073 752 4127 which
769 4074 794 4128 is
811 4075 929 4130 referred
946 4081 976 4130 to
993 4075 1021 4129 in
1040 4076 1174 4146 Dugdale,
1193 4078 1269 4131 Mon.
1281 4081 1363 4149 Anpl.
1376 4080 1429 4134 vol.
1442 4097 1468 4139 v.

316 4174 342 4227 p.
351 4157 403 4208 399
414 4154 479 4221 (last
492 4153 559 4220 ed),
571 4153 661 4207 where
670 4152 693 4205 it
700 4151 834 4224 is'printed
842 4153 947 4207 asfrom
959 4154 1015 4208 this
1026 4155 1087 4223 roll,
1098 4154 1148 4210 but
1159 4161 1209 4210 not
1221 4157 1295 4228 quite
1306 4159 1468 4231 accurately‚

370 4234 381 4264 ²
399 4232 456 4285 The
468 4231 527 4284 first
538 4231 643 4284 charter
655 4232 764 4285 entered
775 4231 803 4285 in
816 4231 863 4286 the
872 4231 931 4287 Me.
953 4233 1011 4287 The
1020 4234 1114 4288 earlier
1120 4234 1227 4290 charter
1242 4237 1274 4290 of
1286 4237 1415 4309 Ranulph
1436 4239 1469 4293 de

317 4312 419 4381 Marlay
432 4310 481 4362 has
490 4308 550 4380 just
562 4309 629 4362 been
641 4309 721 4380 given
735 4309 773 4380 (p.
788 4311 827 4379 1).

370 4391 381 4421 ³
399 4392 435 4442 So
448 4387 475 4439 in
487 4387 535 4441 the
547 4386 643 4440 earlier
652 4387 765 4454 cherter,
784 4388 869 4442 called
882 4387 919 4460 by
931 4389 1061 4459 Hodgson
1074 4392 1119 4445 the
1132 4393 1308 4449 ‘foundation
1320 4395 1443 4450 chester!
