2940 5048
698 297 975 353 calaronam!
1032 318 1040 331 ·

264 489 338 532 cum
352 467 503 532 omnibus
516 468 584 531 suis
598 468 823 552 pertinenciis,
834 488 874 533 ex
888 469 972 533 dono
986 470 1024 531 et
1037 466 1373 535 conmmeatum

263 568 470 643 Androwson,
492 566 663 647 capellani,
685 564 845 629 willelmi
866 564 949 648 sze
966 569 1003 627 et
1025 564 1203 629 Alexandri
1216 565 1373 631 Watsonds

264 663 429 746 Morpath,
455 664 565 726 sciatis
588 682 642 726 me
667 661 841 746 prelatum
867 661 1048 725 Robertum
1075 661 1189 725 Elmet
1211 682 1266 745 pro
1284 670 1373 727 meet

263 760 371 823 hered.
387 761 479 839 meis,
488 764 611 822 statum
625 765 661 821 et
675 758 869 821 seisinamet
877 758 1111 841 pomesdonem
1118 757 1373 823 dictornmabtstir

263 861 298 919 et
309 862 484 920 conventus
498 858 533 919 in
548 856 648 939 praed.
663 856 758 919 terris
772 860 808 917 et
829 856 1038 931 tenementis,
1052 874 1131 917 cnm
1152 874 1238 919 omn.
1250 854 1373 919 libertati·

263 953 323 1015 bus
349 959 382 1016 et
405 954 603 1031 asiamentis,
629 952 804 1015 nominatis
829 956 864 1014 et
886 971 951 1015 non
975 951 1167 1031 nominatis,
1192 952 1233 1015 ad
1254 951 1373 1035 predica

263 1056 364 1113 terras
380 1055 415 1112 et
428 1056 616 1113 tenementa
638 1047 914 1133 qualitercumque
937 1048 1173 1132 spectantibus,
1187 1053 1222 1112 et
1234 1068 1373 1113 monn.
1419 1058 1425 1125 ,ιζ

262 1147 335 1209 aliis
365 1146 429 1209 suis
456 1146 676 1229 pertinenciis,
700 1144 884 1221 ratificassc‚
909 1145 1116 1228 approbasse,
1145 1144 1251 1227 eisque
1276 1148 1309 1213 ct.
1327 1146 1373 1207 nis
1421 1136 1425 1243 Ξ

262 1244 495 1307 successoribus
509 1245 739 1327 inperpetuum
753 1242 966 1306 confirmasse.
1011 1242 1058 1306 Et
1077 1242 1216 1307 ulterius
1234 1242 1374 1305 sciatisne

262 1340 351 1421 praef.
367 1339 545 1402 Robcrtum
563 1339 675 1402 Elmet
696 1339 867 1418 remisisse,
881 1339 1051 1417 relaxasse,
1065 1343 1102 1401 et
1124 1340 1255 1402 omnino
1273 1358 1323 1421 pro
1337 1358 1374 1402 ne

262 1441 297 1498 et
312 1435 419 1498 hered.
428 1436 509 1497 meis
518 1437 761 1518 imperpetuum
775 1436 923 1518 quietum
937 1434 1105 1513 clamasse,
1116 1439 1224 1498 totum
1232 1434 1293 1519 jus,
1300 1434 1374 1497 iuter·

261 1553 328 1594 esse
354 1538 412 1594 aut
434 1532 605 1609 clameum,
627 1551 700 1614 quae
722 1551 784 1612 ego
806 1531 959 1615 praelatus
981 1530 1147 1594 Robertus
1164 1529 1271 1606 hebui,
1289 1530 1375 1607 babeo,

260 1648 317 1690 scu
335 1648 395 1710 ego
415 1634 472 1690 aut
496 1628 627 1691 heredes
642 1626 761 1713 (105a)
775 1629 842 1690 mei
864 1628 899 1690 in
914 1627 1062 1689 futurum
1085 1627 1205 1691 habere
1224 1632 1324 1710 potero
1337 1625 1375 1689 rel

260 1726 436 1808 poterimus
451 1725 486 1786 in
502 1723 652 1787 omnibns
666 1723 831 1807 predictis
844 1723 939 1786 terris
953 1728 1014 1785 sut
1021 1723 1230 1802 tenementis,
1238 1741 1375 1786 cumomn.

260 1822 324 1882 suis
339 1820 558 1903 pertinenciis,
573 1825 632 1883 aut
646 1820 756 1903 aliqua
765 1821 842 1883 inde
855 1817 1005 1903 parcella.
1051 1818 1117 1883 Sed
1126 1818 1170 1882 ab
1181 1820 1376 1882 omnisecione

254 1917 340 2000 juris
354 1922 411 1980 aut
426 1917 543 1980 clamei
566 1937 627 2000 ego
642 1916 794 1999 praefatus
817 1916 976 1979 Robertus
991 1921 1027 1979 et
1047 1916 1184 1979 heredes
1198 1917 1262 1979 mei
1275 1917 1377 1999 muita

258 2033 316 2094 per
339 2018 512 2096 presentes
534 2013 775 2095 imperpetuum
797 2013 899 2075 simus
924 2012 1059 2077 exclusi.
1104 2012 1150 2073 Et
1171 2031 1234 2095 ego
1257 2012 1378 2095 prelata

258 2108 419 2171 Robertus
433 2112 467 2172 et
482 2108 616 2171 heredes
630 2110 696 2170 mei
719 2109 828 2171 omnia
849 2108 1005 2191 predicte
1026 2113 1130 2172 terras
1152 2113 1188 2173 et
1210 2112 1379 2184 tenemento,

257 2224 332 2266 cum
357 2224 445 2268 omn.
468 2206 533 2267 suis
557 2204 776 2286 pertinenciis,
800 2204 944 2288 praefatis
969 2204 1081 2267 abbati
1106 2209 1142 2268 et
1169 2206 1381 2269 conventuiet

257 2320 367 2363 eorum
395 2301 625 2363 successoribus
651 2306 764 2363 contra
790 2320 900 2363 omnes
927 2301 1210 2363 warantizabimus
1232 2308 1267 2364 et
1286 2302 1382 2384 imper·

257 2403 392 2479 petuum
409 2398 627 2461 defendemus.
674 2398 713 2460 In
729 2397 820 2481 cujus
841 2398 889 2461 rei
910 2398 1137 2461 testimonium
1157 2398 1237 2461 huic
1257 2396 1383 2482 present

257 2495 377 2575 scripto
392 2514 465 2556 meo
480 2494 622 2577 sigillum
638 2514 748 2557 meum
762 2494 908 2577 apposni.
953 2494 1030 2558 Dat.
1045 2494 1132 2578 apud
1155 2494 1309 2578 Morpnth
1322 2512 1385 2578 pra·

257 2590 390 2665 dictam,
406 2598 461 2652 xv⁰
477 2591 530 2652 die
544 2591 664 2653 mensis
683 2590 779 2669 Maii,
793 2609 878 2653 anno
900 2591 993 2673 regni
1008 2593 1095 2673 regis
1118 2590 1258 2655 Henrici
1272 2591 1315 2675 vij
1330 2592 1387 2675 pud

255 2689 477 2768 conquaestum
492 2686 620 2769 Angliae
634 2692 760 2769 quarto.

413 2930 576 2997 rasela
601 2931 667 2996 DE
686 2930 922 2999 EOHEWYK.
967 2930 1249 2999 Rsusxsolo.

101 3117 150 3177 urle
162 3118 213 3149 arm
320 3081 479 3144 Omnibus
502 3081 622 3145 Christi
643 3079 793 3144 fidelibus
808 3082 850 3143 ad
864 3102 944 3163 quos
959 3100 1097 3164 praescus
1119 3082 1283 3166 scriptum
1296 3098 1394 3165 perve-

75 3184 195 3249 9f1¹³
254 3179 349 3240 nerit.
394 3178 592 3239 Bartrandus
609 3177 748 3239 Mitford
765 3178 804 3241 de
819 3177 969 3255 Mitiord,
984 3177 1132 3240 salutem.
1177 3177 1396 3241 Noveritisme

76 3250 164 3348 rences·
184 3263 193 3270 ¹
253 3274 423 3355 prefatum
441 3274 659 3335 Bartrandum
675 3274 848 3350 remisisse,
863 3273 1029 3351 relaxasse,
1038 3278 1072 3334 et
1088 3273 1223 3337 omnino
1239 3294 1298 3357 pro
1312 3274 1398 3335 meet

253 3370 422 3431 heredibus
449 3371 529 3431 mois
544 3370 772 3451 inperpetuum
790 3369 940 3451 quietum
962 3368 1114 3431 clamasse
1137 3368 1285 3433 Roberto
1299 3366 1399 3433 abbati

74 3514 200 3547 overas.
253 3467 334 3527 Nou.
360 3466 450 3526 Mon.
475 3471 509 3527 et
533 3486 625 3526 conv.
650 3464 794 3547 ejusdem
819 3466 894 3543 loci,
919 3465 1152 3528 successoribus
1176 3470 1213 3527 et
1236 3463 1400 3549 assignatis

253 3562 317 3621 suis
335 3562 577 3641 inperpetuum,
593 3566 700 3621 totum
720 3560 775 3643 jus
790 3581 911 3637 meum,
927 3560 1063 3623 titulum
1089 3565 1124 3623 et
1146 3560 1323 3639 clameum,
1336 3578 1401 3643 qus

253 3678 395 3739 unquam
412 3658 520 3733 habui,
537 3657 649 3734 habeo,
665 3678 719 3719 seu
736 3658 945 3740 quovismodo
961 3659 995 3719 in
1012 3658 1161 3721 futurum
1175 3659 1318 3742 exigere,
1332 3677 1401 3721 ven·

252 3756 370 3831 dicare,
387 3753 435 3815 vcl
452 3753 570 3814 habere
592 3760 715 3834 potero,
732 3754 771 3815 de
787 3760 821 3815 et
843 3754 878 3815 in
893 3754 1043 3817 omnibus
1065 3753 1133 3816 illis
1147 3755 1248 3817 terris
1270 3759 1305 3819 et
1318 3760 1402 3817 tene·

253 3852 381 3923 irroratis,
399 3849 588 3911 redditulurs
603 3854 637 3910 ct
657 3850 800 3911 serviciis
821 3849 995 3913 liberorum
1017 3851 1207 3914 tenencium
1229 3856 1265 3914 et
1279 3851 1401 3913 nauro-

253 3969 335 4021 ruur,
351 3967 425 4007 cunr
442 3966 553 4006 corum
570 3946 665 4007 sectis
680 3950 714 4007 et
730 3946 878 4027 sequelis,
889 3952 957 4007 tam
973 3947 1008 4008 in
1024 3947 1120 4009 bosco
1134 3967 1236 4029 quam
1248 3948 1283 4010 in
1300 3946 1401 4030 plano,

254 4064 313 4101 urm
339 4063 413 4101 cum
437 4041 562 4122 pascuis
578 4048 611 4102 et
635 4042 784 4123 pasturis,
801 4047 835 4103 et
857 4042 1008 4105 omnibus
1030 4042 1104 4104 aliis
1127 4043 1353 4125 pertinenciis,
1371 4042 1402 4104 in

253 4138 329 4199 uilla
345 4144 374 4197 ct
394 4139 556 4198 territorio
573 4137 612 4198 de
629 4136 807 4219 Eclrewyke
823 4138 858 4199 in
882 4140 1038 4201 comitatu
1061 4138 1321 4218 Northumbnae,
1336 4157 1402 4223 qun

253 4235 414 4313 ‹pronumn
430 4234 561 4294 filerunt.
576 4233 734 4294 ¹lobannis
751 4234 890 4296 Bassett.
938 4234 1152 4297 ltavidelicet
1167 4236 1257 4317 quod
1272 4256 1333 4299 nec
1347 4254 1402 4319 ego

252 4332 403 4408 quiritatus
422 4330 627 4406 liartranrlus,
643 4350 702 4391 nec
718 4330 851 4392 heredes
867 4331 944 4407 mei,
959 4353 1019 4394 nec
1034 4332 1156 4415 aliquis
1177 4332 1265 4397 alius
1280 4352 1403 4416 prome

251 4446 306 4485 scu
318 4427 448 4487 nominc
465 4447 548 4502 meo,
560 4426 691 4509 aliquod
702 4426 770 4509 jus,
782 4427 929 4503 titulum,
941 4448 996 4490 seu
1009 4429 1183 4507 clameum,
1195 4430 1231 4493 in
1240 4428 1402 4514 praedictis
