2940 5048
356 332 510 386 POR'l'lON
536 332 580 385 OF
605 333 652 384 AN
679 332 830 386 ANOIEN'I'
856 334 958 388 soni.

79 510 113 567 et
128 502 309 567 haeredibus
331 504 409 580 suis,
425 501 559 564 liberam
573 505 768 584 potestatem
791 501 1004 586 distringendi
1020 524 1140 583 omnes,
1156 509 1225 567 tam

79 601 198 663 liberos
213 620 310 684 quam
324 620 388 661 non
404 599 528 675 liberos,
543 599 584 661 ad
600 607 785 661 consuetam
807 605 939 679 sectam,
954 607 1105 664 consueta
1123 603 1225 664 caria-

79 700 146 780 gia‚
162 704 195 761 et
205 701 371 760 consuetas
387 697 587 778 operaciones
602 696 745 778 plenarie
761 697 898 761 faciend.
916 699 1003 761 sicut
1016 699 1124 780 aliquo
1140 703 1225 761 tem·

79 816 156 877 pore
170 815 243 855 meo
258 794 384 875 plenius
399 792 501 855 iacere
516 797 758 869 consueverimt,
774 794 1061 876 quocienscumque
1077 794 1117 857 ab
1129 796 1175 857 eis
1190 815 1223 856 se

79 891 308 953 subtraxerint.
353 886 437 949 Dedi
453 888 554 949 eciam
564 893 598 950 et
613 889 752 949 concessi
768 908 825 969 pro
839 909 892 950 me
905 895 938 952 et
947 890 1126 953 haeredibus
1141 892 1223 953 meis

79 988 168 1049 dicto
183 987 205 1048 J
207 986 326 1048 ohanni
341 990 375 1047 et
390 983 570 1047 haeredibus
585 985 648 1045 suis
664 984 874 1046 sufficientem
884 987 970 1048 viam
981 987 1022 1049 ad
1037 987 1223 1049 omnimoda
1246 1005 1326 1069 Right
1341 1006 1371 1055 of

79 1084 221 1165 cariagia
247 1102 266 1144 a
295 1101 414 1162 magno
436 1081 580 1142 chimino
603 1081 692 1162 regio
715 1082 800 1162 quod
822 1081 914 1144 ducit
936 1084 976 1145 de
1000 1083 1221 1166 Stanyngtone
1245 1088 1307 1136 '³5-

79 1200 179 1260 usque
194 1178 236 1240 ad
251 1178 400 1252 Pontem,
415 1181 449 1238 et
463 1175 504 1238 de
527 1176 640 1238 eadem
662 1178 815 1258 usquein
836 1176 1092 1254 Softrestrother‚
1108 1187 1142 1241 et
1164 1199 1222 1261 per

79 1275 324 1338 Softrestrother
338 1294 437 1355 usque
446 1273 487 1334 ad
496 1272 647 1334 selionem
664 1274 719 1355 qui
734 1274 896 1355 quondam
907 1275 971 1337 fuit
985 1275 1143 1337 Willelmi
1159 1275 1222 1337 filii

78 1371 210 1433 Ricardi
237 1371 272 1430 in
286 1373 393 1431 totum
408 1369 546 1430 eundem
561 1367 712 1431 selionem
727 1389 827 1450 usque
842 1370 883 1432 ad
906 1369 1129 1433 molendinum
1144 1390 1221 1433 ven-

78 1468 235 1541 tiiicium‚
247 1486 320 1528 cum
331 1471 401 1527 toto
412 1469 501 1527 sectu
516 1461 597 1548 (sic)
617 1464 760 1547 ejusdem
772 1465 959 1528 molendini.
1005 1467 1130 1530 Iterum
1145 1467 1221 1530 dedi

78 1564 268 1625 etconcessi
284 1581 341 1643 pro
359 1581 412 1623 me
434 1566 469 1622 et
491 1560 670 1623 haeredibus
692 1562 774 1623 meis
796 1561 883 1624 dicto
906 1562 1048 1624 Johanni
1070 1568 1105 1625 et
1119 1564 1220 1626 baere·
1244 1585 1353 1638 Timber.

78 1659 172 1721 dibus
201 1659 276 1733 suis,
306 1657 497 1720 meremium
527 1655 738 1718 sufficientem
774 1657 816 1719 ad
845 1657 933 1719 dicta
968 1658 1151 1721 molendina
1181 1660 1220 1722 de

78 1754 302 1836 Stanyngtone
318 1752 465 1815 iacienda
487 1758 522 1813 et
537 1752 723 1833 reparanda,
738 1753 777 1815 de
800 1752 903 1814 boscis
926 1754 966 1816 de
981 1755 1109 1816 Witton
1125 1760 1158 1817 et
1181 1755 1221 1817 de

79 1850 226 1931 Horsley,
248 1854 406 1931 quantum
428 1853 462 1910 et
484 1848 632 1930 quociens
647 1848 785 1910 viderint
807 1850 855 1910 eis
877 1849 1024 1932 expedire
1046 1852 1222 1932 pervisum

79 1946 236 2009 forestarii
251 1945 316 2006 mei
331 1949 365 2006 et
387 1944 551 2006 haeredum
574 1964 727 2005 meorum.
773 1943 856 2006 Dedi
879 1947 1007 2029 insuper
1028 1951 1062 2008 et
1085 1947 1222 2009 concessi
1247 1982 1374 2032 mm·

79 2062 134 2124 pro
158 2063 212 2103 me
236 2046 269 2102 et
294 2039 471 2102 haeredibus
493 2041 573 2102 meis
598 2040 703 2101 eidem
727 2039 869 2102 Johanni
889 2047 923 2103 et
947 2042 1126 2105 haeredibus
1148 2043 1222 2119 suis,

78 2137 247 2200 sufficient.
263 2136 419 2198 estoveria
434 2154 491 2197 sua
505 2136 547 2197 ad
562 2140 714 2217 stagnum
734 2136 816 2197 dicti
831 2136 1007 2199 molendini
1028 2139 1173 2220 capiend.
1189 2140 1223 2200 in

78 2235 159 2297 dena
189 2233 230 2295 de
255 2231 346 2313 Blye‚
372 2232 558 2313 pervisum
587 2236 620 2292 et
651 2230 876 2293 liberacionem
906 2232 1064 2296 forestarii
1094 2235 1159 2297 mei
1189 2240 1224 2297 et

77 2330 242 2393 baeredum
271 2347 416 2389 meorum
445 2328 499 2409 qui
531 2346 587 2408 pio
621 2331 765 2407 tempore
794 2327 917 2390 fuerint
947 2330 981 2390 in
1011 2330 1099 2392 dicta
1132 2331 1223 2392 dena.

77 2425 227 2490 Habend.
242 2430 277 2486 et
291 2423 420 2485 tenend.
437 2422 545 2485 omnia
561 2422 755 2504 supradicta,
767 2422 807 2484 de
822 2445 875 2486 me
890 2430 924 2487 et
939 2425 1117 2489 hieredibus
1132 2427 1224 2500 meis,

77 2524 165 2587 dicto
189 2520 330 2584 Johanni
356 2523 390 2580 et
416 2517 593 2581 haeredbus
623 2518 698 2595 suis,
721 2518 820 2581 libere
850 2525 883 2581 et
913 2522 1032 2602 quiete,
1063 2522 1168 2584 solute
1190 2528 1224 2585 et

76 2621 215 2700 integre,
235 2615 367 2699 pacifice
387 2620 421 2677 et
442 2613 625 2675 honorifice.
671 2613 715 2676 Et
738 2620 775 2676 ut
797 2615 864 2677 haee
891 2636 962 2678 mea
983 2616 1126 2693 donacio,
1149 2638 1224 2681 cori-

76 2717 187 2791 cessio,
208 2720 242 2776 et
268 2711 471 2775 confirmacio
496 2708 588 2771 firma
615 2709 657 2771 sit
675 2716 709 2773 et
732 2711 855 2774 stabilis
877 2712 1126 2794 imperpetuum,
1144 2735 1224 2797 prae-

75 2816 200 2874 sentem
211 2813 334 2871 cartam
344 2805 441 2888 sigilli
452 2805 518 2866 mei
528 2805 726 2886 apposisione
741 2806 896 2870 roboravi.
920 2807 995 2870 Hiis
1004 2809 1149 2887 testibus,
1161 2816 1222 2873 ete.

144 2997 300 3061 Omnibus
323 2997 408 3058 hanc
434 2999 556 3058 cartam
581 2997 695 3057 visuris
720 2996 769 3058 vel
798 2998 967 3073 audituris,
996 2999 1158 3062 Johsnnes
1180 3001 1220 3063 de
1245 3021 1389 3070 Aluoarra

76 3094 231 3171 Plesseto,
246 3093 393 3156 salutem.
439 3092 555 3155 Sciatis
569 3113 621 3154 me
636 3113 693 3175 pro
703 3093 805 3155 salute
813 3113 929 3156 ammae
941 3114 1021 3156 meae
1030 3100 1063 3157 et
1072 3116 1219 3158 omnium
1244 3088 1311 3135 (ΞΜ
1314 3087 1371 3150 iby

76 3197 313 3254 antecessorum
327 3193 362 3252 et
375 3188 539 3251 hairedum
558 3208 714 3266 meorum,
729 3188 861 3264 dedisse,
877 3191 1073 3268 concessisse
1088 3196 1122 3252 et
1137 3211 1217 3273 Ρη
1241 3151 1378 3282 {plexos

77 3289 161 3348 senti
176 3290 264 3348 carta
278 3285 478 3347 confirmasse
493 3283 561 3346 Deo
576 3289 610 3345 et
624 3284 733 3346 Beatae
748 3284 872 3360 Mariae,
884 3283 1003 3346 Abbati
1012 3289 1046 3347 et
1054 3288 1218 3349 monachis
1242 3283 1330 3332 stans
1307 3298 1378 3359 ’ΠΡΕ-

76 3382 163 3444 Novi
177 3381 400 3455 Monasterii,
390 3400 427 3442 in
442 3379 589 3455 liberam,
603 3398 729 3460 puram,
744 3385 777 3441 et
791 3385 980 3461 perpetuam
1002 3380 1217 3460 elemosinam,
1242 3355 1286 3398 ³⁰¹¹
1299 3348 1361 3398 mill.

76 3477 260 3539 molendina
291 3476 332 3538 de
363 3475 594 3556 Stanyngtone,
625 3495 699 3535 cum
731 3474 877 3537 omnibus
906 3475 1114 3556 pertinenciis
1144 3480 1219 3542 suis.

77 3572 267 3635 Tenendet
290 3571 428 3634 habend.
452 3570 547 3631 dictis
567 3569 677 3631 abbati
704 3575 738 3632 et
760 3571 937 3646 monachis,
961 3571 1041 3633 adeo
1064 3572 1163 3636 libere
1185 3580 1219 3637 et

78 3668 187 3749 quiete
201 3667 244 3730 ab
266 3666 412 3729 omnibus
435 3665 576 3727 serviciis
598 3669 632 3726 et
655 3665 747 3727 rebus
763 3685 833 3746 quae
856 3666 897 3728 ab
911 3667 1020 3749 aliquo
1035 3672 1220 3732 tenemento

77 3764 163 3844 exigi
189 3767 331 3845 possimt,
354 3762 438 3822 sicut
460 3760 569 3841 aliqua
593 3758 764 3821 elemosina
794 3759 907 3822 melius
937 3767 971 3823 et
994 3762 1124 3825 liberius
1150 3765 1220 3827 dari

77 3864 184 3940 potest
198 3857 248 3919 vel
263 3857 425 3939 possideri.
471 3856 516 3916 Et
531 3875 591 3937 ego
605 3854 627 3917 J
629 3855 768 3916 ohannes
786 3860 820 3917 et
835 3856 970 3919 haeredes
986 3858 1050 3919 mei
1066 3860 1220 3940 praedicta

75 3952 272 4027 molendina,
287 3972 362 4014 eum
378 3949 524 4013 omnibus
540 3949 745 4032 pertinenciis
762 3950 836 4028 suis,
852 3952 936 4014 sicut
951 3952 1065 4015 melius
1086 3956 1221 4036 praedic-

76 4054 148 4110 tum
163 4053 222 4124 est,
237 4047 399 4129 predictis
423 4045 533 4108 abbati
548 4050 581 4108 et
597 4045 761 4107 monachis
776 4051 887 4108 contra
901 4067 1011 4110 omnes
1025 4049 1173 4112 homines
1187 4056 1221 4114 et

76 4143 213 4206 feminas
226 4141 514 4217 warantizabimus,
533 4139 802 4222 adquietabimus,
827 4145 861 4203 et
883 4141 1089 4208 defendemus
1103 4147 1220 4229 imper-

76 4244 221 4322 petuum.
266 4238 340 4300 Hiis
354 4237 501 4300 testibus.

140 4429 265 4492 Deinde
281 4428 439 4491 Henricus
455 4428 523 4491 Rei
539 4429 657 4491 tercius
672 4428 711 4490 de
727 4427 918 4490 molendinis
940 4432 1141 4513 supradictis,
1155 4456 1220 4501 una
1246 4452 1322 4512 carta

624 4549 640 4582 r
656 4538 670 4584 2
