<?xml version="1.0" encoding="UTF-8"?>
<!DOCTYPE html PUBLIC "-//W3C//DTD XHTML 1.0 Transitional//EN"
    "http://www.w3.org/TR/xhtml1/DTD/xhtml1-transitional.dtd">
<html xmlns="http://www.w3.org/1999/xhtml" xml:lang="en" lang="en">
 <head>
  <title>
</title>
<meta http-equiv="Content-Type" content="text/html;charset=utf-8" />
  <meta name='ocr-system' content='tesseract 3.04.00' />
  <meta name='ocr-capabilities' content='ocr_page ocr_carea ocr_par ocr_line ocrx_word'/>
</head>
<body>
  <div class='ocr_page' id='page_1' title='image "./chartulariumabb00fowlgoog_0218.png"; bbox 0 0 2940 5048; ppageno 0'>
   <div class='ocr_carea' id='block_1_1' title="bbox 445 120 871 175">
    <p class='ocr_par' dir='ltr' id='par_1_1' title="bbox 445 120 871 175">
     <span class='ocr_line' id='line_1_1' title="bbox 445 120 871 175; baseline 0 -1"><span class='ocrx_word' id='word_1_1' title='bbox 445 121 493 174; x_wconf 80' lang='lat' dir='ltr'>DE</span> <span class='ocrx_word' id='word_1_2' title='bbox 517 122 611 175; x_wconf 85' lang='lat' dir='ltr'>NOVO</span> <span class='ocrx_word' id='word_1_3' title='bbox 635 120 871 175; x_wconf 74' lang='lat' dir='ltr'>Monasrnmo</span> 
     </span>
    </p>
   </div>
   <div class='ocr_carea' id='block_1_2' title="bbox 77 288 1230 929">
    <p class='ocr_par' dir='ltr' id='par_1_2' title="bbox 77 288 1230 929">
     <span class='ocr_line' id='line_1_2' title="bbox 85 288 1230 373; baseline -0.003 -20"><span class='ocrx_word' id='word_1_4' title='bbox 85 290 115 354; x_wconf 91' lang='lat' dir='ltr'>in</span> <span class='ocrx_word' id='word_1_5' title='bbox 129 290 185 353; x_wconf 88' lang='lat' dir='ltr'>lib.</span> <span class='ocrx_word' id='word_1_6' title='bbox 195 310 265 373; x_wconf 84' lang='lat' dir='ltr'>pur.</span> <span class='ocrx_word' id='word_1_7' title='bbox 280 294 316 352; x_wconf 88' lang='lat' dir='ltr'>et</span> <span class='ocrx_word' id='word_1_8' title='bbox 330 310 420 373; x_wconf 87' lang='lat' dir='ltr'><strong>perp.</strong></span> <span class='ocrx_word' id='word_1_9' title='bbox 435 290 477 352; x_wconf 87' lang='lat' dir='ltr'>el.</span> <span class='ocrx_word' id='word_1_10' title='bbox 521 290 566 352; x_wconf 86' lang='lat' dir='ltr'>Et</span> <span class='ocrx_word' id='word_1_11' title='bbox 581 310 637 353; x_wconf 87' lang='lat' dir='ltr'>nos</span> <span class='ocrx_word' id='word_1_12' title='bbox 652 288 782 352; x_wconf 80' lang='lat' dir='ltr'><strong>insimul</strong></span> <span class='ocrx_word' id='word_1_13' title='bbox 797 310 872 351; x_wconf 92' lang='lat' dir='ltr'>oum</span> <span class='ocrx_word' id='word_1_14' title='bbox 887 289 985 371; x_wconf 79' lang='lat' dir='ltr'>praed.</span> <span class='ocrx_word' id='word_1_15' title='bbox 997 289 1180 351; x_wconf 81' lang='lat' dir='ltr'>remissione</span> <span class='ocrx_word' id='word_1_16' title='bbox 1194 294 1230 350; x_wconf 87' lang='lat' dir='ltr'>et</span> 
     </span>
     <span class='ocr_line' id='line_1_3' title="bbox 83 385 1229 470; baseline -0.003 -21"><span class='ocrx_word' id='word_1_17' title='bbox 83 387 385 470; x_wconf 83' lang='lat' dir='ltr'>quictaclamacione</span> <span class='ocrx_word' id='word_1_18' title='bbox 408 392 518 449; x_wconf 84' lang='lat' dir='ltr'>nostra</span> <span class='ocrx_word' id='word_1_19' title='bbox 541 387 662 449; x_wconf 86' lang='lat' dir='ltr'>dictam</span> <span class='ocrx_word' id='word_1_20' title='bbox 684 386 894 448; x_wconf 87' lang='lat' dir='ltr'>donacionem</span> <span class='ocrx_word' id='word_1_21' title='bbox 917 386 1063 467; x_wconf 80' lang='lat' dir='ltr'>praedicti</span> <span class='ocrx_word' id='word_1_22' title='bbox 1087 385 1229 446; x_wconf 87' lang='lat' dir='ltr'>Marme-</span> 
     </span>
     <span class='ocr_line' id='line_1_4' title="bbox 82 481 1228 564; baseline -0.004 -17"><span class='ocrx_word' id='word_1_23' title='bbox 82 484 171 547; x_wconf 87' lang='lat' dir='ltr'>doohi</span> <span class='ocrx_word' id='word_1_24' title='bbox 185 488 220 545; x_wconf 87' lang='lat' dir='ltr'>et</span> <span class='ocrx_word' id='word_1_25' title='bbox 231 482 402 564; x_wconf 84' lang='lat' dir='ltr'>Margeriae</span> <span class='ocrx_word' id='word_1_26' title='bbox 416 481 522 545; x_wconf 86' lang='lat' dir='ltr'>uxoris</span> <span class='ocrx_word' id='word_1_27' title='bbox 534 503 597 544; x_wconf 74' lang='lat' dir='ltr'>sure</span> <span class='ocrx_word' id='word_1_28' title='bbox 609 483 706 563; x_wconf 85' lang='lat' dir='ltr'>praed.</span> <span class='ocrx_word' id='word_1_29' title='bbox 716 501 803 542; x_wconf 90' lang='lat' dir='ltr'>mon.</span> <span class='ocrx_word' id='word_1_30' title='bbox 813 482 1014 543; x_wconf 81' lang='lat' dir='ltr'><strong>concedimus</strong></span> <span class='ocrx_word' id='word_1_31' title='bbox 1025 487 1059 543; x_wconf 90' lang='lat' dir='ltr'>et</span> <span class='ocrx_word' id='word_1_32' title='bbox 1070 481 1129 542; x_wconf 91' lang='lat' dir='ltr'>hac</span> <span class='ocrx_word' id='word_1_33' title='bbox 1139 486 1228 542; x_wconf 83' lang='lat' dir='ltr'>carta</span> 
     </span>
     <span class='ocr_line' id='line_1_5' title="bbox 80 577 1225 659; baseline -0.003 -18"><span class='ocrx_word' id='word_1_34' title='bbox 80 588 184 641; x_wconf 86' lang='lat' dir='ltr'>nostra</span> <span class='ocrx_word' id='word_1_35' title='bbox 210 578 446 641; x_wconf 88' lang='lat' dir='ltr'>confirmamus.</span> <span class='ocrx_word' id='word_1_36' title='bbox 492 578 537 639; x_wconf 88' lang='lat' dir='ltr'>Et</span> <span class='ocrx_word' id='word_1_37' title='bbox 553 599 609 640; x_wconf 90' lang='lat' dir='ltr'>nos</span> <span class='ocrx_word' id='word_1_38' title='bbox 631 584 666 639; x_wconf 87' lang='lat' dir='ltr'>et</span> <span class='ocrx_word' id='word_1_39' title='bbox 691 578 758 638; x_wconf 88' lang='lat' dir='ltr'>her.</span> <span class='ocrx_word' id='word_1_40' title='bbox 776 598 807 638; x_wconf 92' lang='lat' dir='ltr'>n.</span> <span class='ocrx_word' id='word_1_41' title='bbox 824 598 895 639; x_wconf 85' lang='lat' dir='ltr'>war.</span> <span class='ocrx_word' id='word_1_42' title='bbox 913 579 1009 659; x_wconf 88' lang='lat' dir='ltr'>praed.</span> <span class='ocrx_word' id='word_1_43' title='bbox 1027 598 1110 638; x_wconf 88' lang='lat' dir='ltr'>mon.</span> <span class='ocrx_word' id='word_1_44' title='bbox 1128 577 1225 658; x_wconf 88' lang='lat' dir='ltr'>praed.</span> 
     </span>
     <span class='ocr_line' id='line_1_6' title="bbox 79 672 1226 757; baseline -0.001 -22"><span class='ocrx_word' id='word_1_45' title='bbox 79 675 244 757; x_wconf 85' lang='lat' dir='ltr'>grangiam</span> <span class='ocrx_word' id='word_1_46' title='bbox 260 694 335 736; x_wconf 90' lang='lat' dir='ltr'>cum</span> <span class='ocrx_word' id='word_1_47' title='bbox 350 694 436 736; x_wconf 89' lang='lat' dir='ltr'>omn.</span> <span class='ocrx_word' id='word_1_48' title='bbox 459 680 541 756; x_wconf 84' lang='lat' dir='ltr'>pert.</span> <span class='ocrx_word' id='word_1_49' title='bbox 564 675 630 736; x_wconf 88' lang='lat' dir='ltr'>suis</span> <span class='ocrx_word' id='word_1_50' title='bbox 653 675 721 734; x_wconf 90' lang='lat' dir='ltr'>sine</span> <span class='ocrx_word' id='word_1_51' title='bbox 748 672 857 754; x_wconf 87' lang='lat' dir='ltr'>aliquo</span> <span class='ocrx_word' id='word_1_52' title='bbox 873 675 1088 735; x_wconf 80' lang='lat' dir='ltr'>retinemento</span> <span class='ocrx_word' id='word_1_53' title='bbox 1115 678 1226 734; x_wconf 89' lang='lat' dir='ltr'>contra</span> 
     </span>
     <span class='ocr_line' id='line_1_7' title="bbox 79 769 1226 852; baseline -0.004 -18"><span class='ocrx_word' id='word_1_54' title='bbox 79 792 161 834; x_wconf 91' lang='lat' dir='ltr'>omn.</span> <span class='ocrx_word' id='word_1_55' title='bbox 178 771 265 833; x_wconf 91' lang='lat' dir='ltr'>hom.</span> <span class='ocrx_word' id='word_1_56' title='bbox 281 771 315 832; x_wconf 93' lang='lat' dir='ltr'>in</span> <span class='ocrx_word' id='word_1_57' title='bbox 331 778 532 852; x_wconf 82' lang='lat' dir='ltr'>perpetuum.</span> <span class='ocrx_word' id='word_1_58' title='bbox 577 769 622 830; x_wconf 89' lang='lat' dir='ltr'>Et</span> <span class='ocrx_word' id='word_1_59' title='bbox 644 770 752 831; x_wconf 93' lang='lat' dir='ltr'>omnia</span> <span class='ocrx_word' id='word_1_60' title='bbox 767 770 835 831; x_wconf 82' lang='lat' dir='ltr'>haec</span> <span class='ocrx_word' id='word_1_61' title='bbox 850 770 1004 851; x_wconf 85' lang='lat' dir='ltr'>praedicta</span> <span class='ocrx_word' id='word_1_62' title='bbox 1026 770 1123 850; x_wconf 87' lang='lat' dir='ltr'>praed.</span> <span class='ocrx_word' id='word_1_63' title='bbox 1140 789 1226 830; x_wconf 88' lang='lat' dir='ltr'>mon.</span> 
     </span>
     <span class='ocr_line' id='line_1_8' title="bbox 77 866 683 929; baseline -0.003 0"><span class='ocrx_word' id='word_1_64' title='bbox 77 866 295 929; x_wconf 81' lang='lat' dir='ltr'>confirmando</span> <span class='ocrx_word' id='word_1_65' title='bbox 317 867 481 929; x_wconf 87' lang='lat' dir='ltr'>donamus.</span> <span class='ocrx_word' id='word_1_66' title='bbox 525 866 683 928; x_wconf 86' lang='lat' dir='ltr'>Testibus.</span> 
     </span>
    </p>
   </div>
   <div class='ocr_carea' id='block_1_3' title="bbox 69 1051 1393 2956">
    <p class='ocr_par' dir='ltr' id='par_1_3' title="bbox 69 1051 1393 2956">
     <span class='ocr_line' id='line_1_9' title="bbox 141 1051 1373 1156; baseline -0.002 -36"><span class='ocrx_word' id='word_1_67' title='bbox 141 1058 267 1121; x_wconf 90' lang='lat' dir='ltr'>Notum</span> <span class='ocrx_word' id='word_1_68' title='bbox 297 1057 341 1119; x_wconf 87' lang='lat' dir='ltr'>sit</span> <span class='ocrx_word' id='word_1_69' title='bbox 369 1056 516 1119; x_wconf 87' lang='lat' dir='ltr'>omnibus</span> <span class='ocrx_word' id='word_1_70' title='bbox 539 1058 625 1138; x_wconf 87' lang='lat' dir='ltr'>quod</span> <span class='ocrx_word' id='word_1_71' title='bbox 650 1077 710 1139; x_wconf 87' lang='lat' dir='ltr'>ego</span> <span class='ocrx_word' id='word_1_72' title='bbox 733 1056 893 1118; x_wconf 84' lang='lat' dir='ltr'>Walterus</span> <span class='ocrx_word' id='word_1_73' title='bbox 915 1056 1000 1118; x_wconf 90' lang='lat' dir='ltr'>filius</span> <span class='ocrx_word' id='word_1_74' title='bbox 1024 1056 1163 1119; x_wconf 84' lang='lat' dir='ltr'>Gilberti</span> <span class='ocrx_word' id='word_1_75' title='bbox 1185 1058 1225 1120; x_wconf 86' lang='lat' dir='ltr'>de</span> <span class='ocrx_word' id='word_1_76' title='bbox 1251 1107 1272 1156; x_wconf 81' lang='lat' dir='ltr'><strong>G</strong></span> <span class='ocrx_word' id='word_1_77' title='bbox 1309 1051 1336 1153; x_wconf 46' lang='grc' dir='ltr'><strong>ᾗ</strong></span> <span class='ocrx_word' id='word_1_78' title='bbox 1359 1107 1373 1156; x_wconf 83' lang='lat' dir='ltr'><strong>f</strong></span> 
     </span>
     <span class='ocr_line' id='line_1_10' title="bbox 75 1122 1385 1238; baseline -0.002 -21"><span class='ocrx_word' id='word_1_79' title='bbox 75 1154 194 1217; x_wconf 90' lang='lat' dir='ltr'>Bolum</span> <span class='ocrx_word' id='word_1_80' title='bbox 221 1174 279 1236; x_wconf 91' lang='lat' dir='ltr'>pro</span> <span class='ocrx_word' id='word_1_81' title='bbox 293 1153 459 1215; x_wconf 82' lang='lat' dir='ltr'><strong>animabus</strong></span> <span class='ocrx_word' id='word_1_82' title='bbox 483 1154 583 1234; x_wconf 88' lang='lat' dir='ltr'>patris</span> <span class='ocrx_word' id='word_1_83' title='bbox 607 1158 641 1215; x_wconf 89' lang='lat' dir='ltr'>et</span> <span class='ocrx_word' id='word_1_84' title='bbox 664 1151 777 1214; x_wconf 87' lang='lat' dir='ltr'>matris</span> <span class='ocrx_word' id='word_1_85' title='bbox 801 1172 881 1215; x_wconf 82' lang='lat' dir='ltr'>meae</span> <span class='ocrx_word' id='word_1_86' title='bbox 906 1158 939 1213; x_wconf 90' lang='lat' dir='ltr'>et</span> <span class='ocrx_word' id='word_1_87' title='bbox 964 1172 1021 1233; x_wconf 91' lang='lat' dir='ltr'>pro</span> <span class='ocrx_word' id='word_1_88' title='bbox 1040 1153 1097 1215; x_wconf 80' lang='lat' dir='ltr'>sal.</span> <span class='ocrx_word' id='word_1_89' title='bbox 1112 1174 1163 1214; x_wconf 91' lang='lat' dir='ltr'>an.</span> <span class='ocrx_word' id='word_1_90' title='bbox 1181 1174 1223 1214; x_wconf 89' lang='lat' dir='ltr'>m.</span> <span class='ocrx_word' id='word_1_91' title='bbox 1250 1122 1385 1238; x_wconf 50' lang='lat' dir='ltr'>parltl&#39;nlge</span> 
     </span>
     <span class='ocr_line' id='line_1_11' title="bbox 74 1238 1393 1353; baseline -0.002 -42"><span class='ocrx_word' id='word_1_92' title='bbox 74 1250 285 1331; x_wconf 88' lang='lat' dir='ltr'>omniumque</span> <span class='ocrx_word' id='word_1_93' title='bbox 311 1255 480 1330; x_wconf 87' lang='lat' dir='ltr'>parentum</span> <span class='ocrx_word' id='word_1_94' title='bbox 504 1252 539 1310; x_wconf 92' lang='lat' dir='ltr'>et</span> <span class='ocrx_word' id='word_1_95' title='bbox 567 1248 744 1309; x_wconf 88' lang='lat' dir='ltr'>amicorum</span> <span class='ocrx_word' id='word_1_96' title='bbox 773 1268 919 1308; x_wconf 89' lang='lat' dir='ltr'>meorum</span> <span class='ocrx_word' id='word_1_97' title='bbox 944 1249 1081 1310; x_wconf 83' lang='lat' dir='ltr'>concessi</span> <span class='ocrx_word' id='word_1_98' title='bbox 1108 1255 1142 1311; x_wconf 92' lang='lat' dir='ltr'>et</span> <span class='ocrx_word' id='word_1_99' title='bbox 1164 1249 1224 1309; x_wconf 90' lang='lat' dir='ltr'>hoo</span> <span class='ocrx_word' id='word_1_100' title='bbox 1249 1240 1282 1353; x_wconf 53' lang='grc' dir='ltr'>ΕΞ</span> <span class='ocrx_word' id='word_1_101' title='bbox 1291 1238 1393 1353; x_wconf 49' lang='lat' dir='ltr'>Ilm?</span> 
     </span>
     <span class='ocr_line' id='line_1_12' title="bbox 74 1342 1388 1428; baseline -0.002 -19"><span class='ocrx_word' id='word_1_102' title='bbox 74 1347 195 1428; x_wconf 79' lang='lat' dir='ltr'>scripto</span> <span class='ocrx_word' id='word_1_103' title='bbox 222 1344 305 1407; x_wconf 84' lang='lat' dir='ltr'>conf.</span> <span class='ocrx_word' id='word_1_104' title='bbox 322 1343 390 1405; x_wconf 87' lang='lat' dir='ltr'>Deo</span> <span class='ocrx_word' id='word_1_105' title='bbox 416 1350 451 1407; x_wconf 87' lang='lat' dir='ltr'>et</span> <span class='ocrx_word' id='word_1_106' title='bbox 465 1363 551 1406; x_wconf 89' lang='lat' dir='ltr'>mon.</span> <span class='ocrx_word' id='word_1_107' title='bbox 568 1343 600 1408; x_wconf 86' lang='lat' dir='ltr'>S.</span> <span class='ocrx_word' id='word_1_108' title='bbox 617 1344 664 1404; x_wconf 89' lang='lat' dir='ltr'>M.</span> <span class='ocrx_word' id='word_1_109' title='bbox 681 1344 765 1405; x_wconf 89' lang='lat' dir='ltr'>Novi</span> <span class='ocrx_word' id='word_1_110' title='bbox 788 1344 856 1405; x_wconf 88' lang='lat' dir='ltr'>Mo.</span> <span class='ocrx_word' id='word_1_111' title='bbox 872 1345 906 1405; x_wconf 92' lang='lat' dir='ltr'>in</span> <span class='ocrx_word' id='word_1_112' title='bbox 929 1364 999 1425; x_wconf 89' lang='lat' dir='ltr'>pur.</span> <span class='ocrx_word' id='word_1_113' title='bbox 1016 1352 1050 1406; x_wconf 89' lang='lat' dir='ltr'>et</span> <span class='ocrx_word' id='word_1_114' title='bbox 1072 1364 1160 1427; x_wconf 84' lang='lat' dir='ltr'>perp.</span> <span class='ocrx_word' id='word_1_115' title='bbox 1180 1345 1221 1406; x_wconf 91' lang='lat' dir='ltr'>el.</span> <span class='ocrx_word' id='word_1_116' title='bbox 1382 1342 1388 1354; x_wconf 84' lang='grc'><em>“</em></span> 
     </span>
     <span class='ocr_line' id='line_1_13' title="bbox 74 1440 1224 1521; baseline -0.001 -18"><span class='ocrx_word' id='word_1_117' title='bbox 74 1441 189 1504; x_wconf 84' lang='lat' dir='ltr'>averiis</span> <span class='ocrx_word' id='word_1_118' title='bbox 204 1442 271 1503; x_wconf 85' lang='lat' dir='ltr'>suia</span> <span class='ocrx_word' id='word_1_119' title='bbox 285 1460 487 1503; x_wconf 89' lang='lat' dir='ltr'>communem</span> <span class='ocrx_word' id='word_1_120' title='bbox 502 1446 667 1521; x_wconf 77' lang='lat' dir='ltr'>pasturam</span> <span class='ocrx_word' id='word_1_121' title='bbox 682 1441 750 1501; x_wconf 87' lang='lat' dir='ltr'>sine</span> <span class='ocrx_word' id='word_1_122' title='bbox 770 1440 938 1521; x_wconf 83' lang='lat' dir='ltr'>surchagio</span> <span class='ocrx_word' id='word_1_123' title='bbox 953 1442 987 1501; x_wconf 91' lang='lat' dir='ltr'>in</span> <span class='ocrx_word' id='word_1_124' title='bbox 1010 1441 1089 1503; x_wconf 90' lang='lat' dir='ltr'>silva</span> <span class='ocrx_word' id='word_1_125' title='bbox 1104 1462 1175 1502; x_wconf 86' lang='lat' dir='ltr'>mea</span> <span class='ocrx_word' id='word_1_126' title='bbox 1190 1447 1224 1502; x_wconf 89' lang='lat' dir='ltr'>et</span> 
     </span>
     <span class='ocr_line' id='line_1_14' title="bbox 74 1535 1222 1617; baseline -0.001 -18"><span class='ocrx_word' id='word_1_127' title='bbox 74 1536 109 1599; x_wconf 90' lang='lat' dir='ltr'>in</span> <span class='ocrx_word' id='word_1_128' title='bbox 138 1556 231 1599; x_wconf 88' lang='lat' dir='ltr'>mora</span> <span class='ocrx_word' id='word_1_129' title='bbox 253 1556 337 1613; x_wconf 89' lang='lat' dir='ltr'>mea,</span> <span class='ocrx_word' id='word_1_130' title='bbox 363 1556 419 1617; x_wconf 87' lang='lat' dir='ltr'>per</span> <span class='ocrx_word' id='word_1_131' title='bbox 442 1536 597 1617; x_wconf 88' lang='lat' dir='ltr'>quasdam</span> <span class='ocrx_word' id='word_1_132' title='bbox 622 1535 739 1597; x_wconf 84' lang='lat' dir='ltr'>divisas</span> <span class='ocrx_word' id='word_1_133' title='bbox 766 1556 844 1617; x_wconf 90' lang='lat' dir='ltr'>quas</span> <span class='ocrx_word' id='word_1_134' title='bbox 868 1538 913 1597; x_wconf 85' lang='lat' dir='ltr'>eis</span> <span class='ocrx_word' id='word_1_135' title='bbox 936 1557 1010 1597; x_wconf 92' lang='lat' dir='ltr'>cum</span> <span class='ocrx_word' id='word_1_136' title='bbox 1032 1537 1222 1617; x_wconf 88' lang='lat' dir='ltr'>quibusdam</span> 
     </span>
     <span class='ocr_line' id='line_1_15' title="bbox 74 1631 1224 1713; baseline -0.003 -16"><span class='ocrx_word' id='word_1_137' title='bbox 74 1632 258 1697; x_wconf 89' lang='lat' dir='ltr'>hominibus</span> <span class='ocrx_word' id='word_1_138' title='bbox 273 1633 354 1692; x_wconf 84' lang='lat' dir='ltr'>meis</span> <span class='ocrx_word' id='word_1_139' title='bbox 375 1631 605 1713; x_wconf 84' lang='lat' dir='ltr'>perambulavi,</span> <span class='ocrx_word' id='word_1_140' title='bbox 621 1631 689 1693; x_wconf 89' lang='lat' dir='ltr'>scil.</span> <span class='ocrx_word' id='word_1_141' title='bbox 704 1652 723 1692; x_wconf 91' lang='lat' dir='ltr'>a</span> <span class='ocrx_word' id='word_1_142' title='bbox 745 1632 873 1693; x_wconf 85' lang='lat' dir='ltr'>furcura</span> <span class='ocrx_word' id='word_1_143' title='bbox 889 1633 947 1694; x_wconf 84' lang='lat' dir='ltr'>viae</span> <span class='ocrx_word' id='word_1_144' title='bbox 967 1632 1008 1693; x_wconf 90' lang='lat' dir='ltr'>do</span> <span class='ocrx_word' id='word_1_145' title='bbox 1026 1634 1224 1694; x_wconf 80' lang='lat' dir='ltr'>Lithtodune</span> 
     </span>
     <span class='ocr_line' id='line_1_16' title="bbox 72 1727 1222 1808; baseline -0.003 -17"><span class='ocrx_word' id='word_1_146' title='bbox 72 1729 108 1791; x_wconf 90' lang='lat' dir='ltr'>in</span> <span class='ocrx_word' id='word_1_147' title='bbox 122 1736 338 1791; x_wconf 85' lang='lat' dir='ltr'>transversum</span> <span class='ocrx_word' id='word_1_148' title='bbox 353 1746 410 1808; x_wconf 89' lang='lat' dir='ltr'>per</span> <span class='ocrx_word' id='word_1_149' title='bbox 425 1727 515 1789; x_wconf 88' lang='lat' dir='ltr'>Ruth</span> <span class='ocrx_word' id='word_1_150' title='bbox 531 1748 567 1789; x_wconf 90' lang='lat' dir='ltr'>ac</span> <span class='ocrx_word' id='word_1_151' title='bbox 585 1748 684 1808; x_wconf 87' lang='lat' dir='ltr'>usque</span> <span class='ocrx_word' id='word_1_152' title='bbox 702 1728 742 1789; x_wconf 90' lang='lat' dir='ltr'>ad</span> <span class='ocrx_word' id='word_1_153' title='bbox 760 1727 858 1802; x_wconf 88' lang='lat' dir='ltr'>ant‚</span> <span class='ocrx_word' id='word_1_154' title='bbox 874 1728 929 1788; x_wconf 92' lang='lat' dir='ltr'>ubi</span> <span class='ocrx_word' id='word_1_155' title='bbox 953 1727 1222 1789; x_wconf 83' lang='lat' dir='ltr'>Buedesleiburne</span> 
     </span>
     <span class='ocr_line' id='line_1_17' title="bbox 73 1821 1224 1903; baseline -0.002 -18"><span class='ocrx_word' id='word_1_156' title='bbox 73 1824 161 1887; x_wconf 86' lang='lat' dir='ltr'>cadit</span> <span class='ocrx_word' id='word_1_157' title='bbox 176 1823 209 1884; x_wconf 91' lang='lat' dir='ltr'>in</span> <span class='ocrx_word' id='word_1_158' title='bbox 220 1822 320 1899; x_wconf 85' lang='lat' dir='ltr'>Funt,</span> <span class='ocrx_word' id='word_1_159' title='bbox 331 1822 448 1885; x_wconf 81' lang='lat' dir='ltr'>atinde</span> <span class='ocrx_word' id='word_1_160' title='bbox 460 1842 515 1903; x_wconf 87' lang='lat' dir='ltr'>per</span> <span class='ocrx_word' id='word_1_161' title='bbox 525 1822 613 1883; x_wconf 91' lang='lat' dir='ltr'>Funt</span> <span class='ocrx_word' id='word_1_162' title='bbox 623 1843 720 1903; x_wconf 86' lang='lat' dir='ltr'>usque</span> <span class='ocrx_word' id='word_1_163' title='bbox 732 1823 773 1883; x_wconf 92' lang='lat' dir='ltr'>ad</span> <span class='ocrx_word' id='word_1_164' title='bbox 786 1843 860 1883; x_wconf 88' lang='lat' dir='ltr'>enm</span> <span class='ocrx_word' id='word_1_165' title='bbox 876 1821 982 1883; x_wconf 89' lang='lat' dir='ltr'>locum</span> <span class='ocrx_word' id='word_1_166' title='bbox 993 1823 1049 1883; x_wconf 90' lang='lat' dir='ltr'>ubi</span> <span class='ocrx_word' id='word_1_167' title='bbox 1061 1822 1224 1885; x_wconf 84' lang='lat' dir='ltr'>Vuluelei-</span> 
     </span>
     <span class='ocr_line' id='line_1_18' title="bbox 73 1917 1224 2001; baseline -0.002 -19"><span class='ocrx_word' id='word_1_168' title='bbox 73 1920 174 1983; x_wconf 86' lang='lat' dir='ltr'>burne</span> <span class='ocrx_word' id='word_1_169' title='bbox 189 1919 277 1981; x_wconf 85' lang='lat' dir='ltr'>cadit</span> <span class='ocrx_word' id='word_1_170' title='bbox 291 1919 326 1981; x_wconf 93' lang='lat' dir='ltr'>in</span> <span class='ocrx_word' id='word_1_171' title='bbox 342 1918 440 1993; x_wconf 90' lang='lat' dir='ltr'>Funt‚</span> <span class='ocrx_word' id='word_1_172' title='bbox 454 1923 489 1980; x_wconf 90' lang='lat' dir='ltr'>et</span> <span class='ocrx_word' id='word_1_173' title='bbox 504 1918 579 1979; x_wconf 92' lang='lat' dir='ltr'>inde</span> <span class='ocrx_word' id='word_1_174' title='bbox 594 1938 651 1999; x_wconf 85' lang='lat' dir='ltr'>per</span> <span class='ocrx_word' id='word_1_175' title='bbox 666 1917 913 1980; x_wconf 87' lang='lat' dir='ltr'>Vulueleiburne</span> <span class='ocrx_word' id='word_1_176' title='bbox 929 1938 1028 1999; x_wconf 89' lang='lat' dir='ltr'>usque</span> <span class='ocrx_word' id='word_1_177' title='bbox 1053 1918 1108 1978; x_wconf 92' lang='lat' dir='ltr'>ubi</span> <span class='ocrx_word' id='word_1_178' title='bbox 1135 1918 1224 2001; x_wconf 86' lang='lat' dir='ltr'>forge</span> 
     </span>
     <span class='ocr_line' id='line_1_19' title="bbox 73 2013 1222 2094; baseline -0.001 -18"><span class='ocrx_word' id='word_1_179' title='bbox 73 2016 149 2093; x_wconf 80' lang='lat' dir='ltr'>fuit,</span> <span class='ocrx_word' id='word_1_180' title='bbox 168 2019 205 2076; x_wconf 87' lang='lat' dir='ltr'>et</span> <span class='ocrx_word' id='word_1_181' title='bbox 225 2014 301 2076; x_wconf 89' lang='lat' dir='ltr'>inde</span> <span class='ocrx_word' id='word_1_182' title='bbox 324 2034 380 2094; x_wconf 88' lang='lat' dir='ltr'>per</span> <span class='ocrx_word' id='word_1_183' title='bbox 404 2013 540 2075; x_wconf 86' lang='lat' dir='ltr'>divisam</span> <span class='ocrx_word' id='word_1_184' title='bbox 566 2015 651 2075; x_wconf 88' lang='lat' dir='ltr'>inter</span> <span class='ocrx_word' id='word_1_185' title='bbox 675 2034 728 2075; x_wconf 87' lang='lat' dir='ltr'>me</span> <span class='ocrx_word' id='word_1_186' title='bbox 754 2018 788 2075; x_wconf 88' lang='lat' dir='ltr'>ot</span> <span class='ocrx_word' id='word_1_187' title='bbox 814 2014 991 2075; x_wconf 84' lang='lat' dir='ltr'>Roberturn</span> <span class='ocrx_word' id='word_1_188' title='bbox 1018 2014 1057 2075; x_wconf 90' lang='lat' dir='ltr'>de</span> <span class='ocrx_word' id='word_1_189' title='bbox 1073 2014 1222 2075; x_wconf 80' lang='lat' dir='ltr'>Witlrum</span> 
     </span>
     <span class='ocr_line' id='line_1_20' title="bbox 72 2108 1223 2193; baseline -0.001 -21"><span class='ocrx_word' id='word_1_190' title='bbox 72 2110 229 2193; x_wconf 83' lang='lat' dir='ltr'>usquead</span> <span class='ocrx_word' id='word_1_191' title='bbox 245 2109 361 2186; x_wconf 87' lang='lat' dir='ltr'>Oselei,</span> <span class='ocrx_word' id='word_1_192' title='bbox 376 2116 410 2171; x_wconf 89' lang='lat' dir='ltr'>et</span> <span class='ocrx_word' id='word_1_193' title='bbox 425 2109 464 2171; x_wconf 89' lang='lat' dir='ltr'>de</span> <span class='ocrx_word' id='word_1_194' title='bbox 481 2108 587 2172; x_wconf 87' lang='lat' dir='ltr'>Oselei</span> <span class='ocrx_word' id='word_1_195' title='bbox 603 2130 659 2191; x_wconf 90' lang='lat' dir='ltr'>por</span> <span class='ocrx_word' id='word_1_196' title='bbox 669 2114 883 2171; x_wconf 86' lang='lat' dir='ltr'>transversum</span> <span class='ocrx_word' id='word_1_197' title='bbox 893 2130 949 2190; x_wconf 84' lang='lat' dir='ltr'>per</span> <span class='ocrx_word' id='word_1_198' title='bbox 959 2112 1107 2171; x_wconf 84' lang='lat' dir='ltr'>semitam</span> <span class='ocrx_word' id='word_1_199' title='bbox 1124 2131 1223 2191; x_wconf 87' lang='lat' dir='ltr'>usque</span> 
     </span>
     <span class='ocr_line' id='line_1_21' title="bbox 72 2204 1222 2287; baseline -0.001 -18"><span class='ocrx_word' id='word_1_200' title='bbox 72 2206 114 2269; x_wconf 87' lang='lat' dir='ltr'>ad</span> <span class='ocrx_word' id='word_1_201' title='bbox 130 2206 316 2287; x_wconf 85' lang='lat' dir='ltr'>Stanipath‚</span> <span class='ocrx_word' id='word_1_202' title='bbox 328 2208 361 2266; x_wconf 89' lang='lat' dir='ltr'>et</span> <span class='ocrx_word' id='word_1_203' title='bbox 377 2205 453 2267; x_wconf 87' lang='lat' dir='ltr'>inde</span> <span class='ocrx_word' id='word_1_204' title='bbox 468 2225 525 2286; x_wconf 86' lang='lat' dir='ltr'>per</span> <span class='ocrx_word' id='word_1_205' title='bbox 535 2205 640 2266; x_wconf 68' lang='lat' dir='ltr'>ricnm</span> <span class='ocrx_word' id='word_1_206' title='bbox 652 2206 691 2267; x_wconf 87' lang='lat' dir='ltr'>dc</span> <span class='ocrx_word' id='word_1_207' title='bbox 701 2205 873 2286; x_wconf 79' lang='lat' dir='ltr'>Stanipath</span> <span class='ocrx_word' id='word_1_208' title='bbox 886 2225 984 2287; x_wconf 84' lang='lat' dir='ltr'>usque</span> <span class='ocrx_word' id='word_1_209' title='bbox 996 2204 1036 2267; x_wconf 89' lang='lat' dir='ltr'>ad</span> <span class='ocrx_word' id='word_1_210' title='bbox 1048 2205 1222 2287; x_wconf 85' lang='lat' dir='ltr'>Rocepath,</span> 
     </span>
     <span class='ocr_line' id='line_1_22' title="bbox 72 2300 1222 2384; baseline 0.001 -21"><span class='ocrx_word' id='word_1_211' title='bbox 72 2306 107 2363; x_wconf 87' lang='lat' dir='ltr'>et</span> <span class='ocrx_word' id='word_1_212' title='bbox 122 2301 199 2364; x_wconf 88' lang='lat' dir='ltr'>inde</span> <span class='ocrx_word' id='word_1_213' title='bbox 213 2321 337 2363; x_wconf 76' lang='lat' dir='ltr'>sursum</span> <span class='ocrx_word' id='word_1_214' title='bbox 351 2300 451 2384; x_wconf 71' lang='lat' dir='ltr'>(arb)</span> <span class='ocrx_word' id='word_1_215' title='bbox 474 2321 530 2382; x_wconf 90' lang='lat' dir='ltr'>per</span> <span class='ocrx_word' id='word_1_216' title='bbox 545 2300 578 2363; x_wconf 90' lang='lat' dir='ltr'>la</span> <span class='ocrx_word' id='word_1_217' title='bbox 592 2321 682 2362; x_wconf 90' lang='lat' dir='ltr'>caree</span> <span class='ocrx_word' id='word_1_218' title='bbox 703 2301 787 2362; x_wconf 85' lang='lat' dir='ltr'>inter</span> <span class='ocrx_word' id='word_1_219' title='bbox 802 2301 1037 2363; x_wconf 73' lang='lat' dir='ltr'>Nuncleshefcul</span> <span class='ocrx_word' id='word_1_220' title='bbox 1052 2308 1087 2364; x_wconf 89' lang='lat' dir='ltr'>et</span> <span class='ocrx_word' id='word_1_221' title='bbox 1109 2302 1222 2364; x_wconf 82' lang='lat' dir='ltr'>silvam</span> 
     </span>
     <span class='ocr_line' id='line_1_23' title="bbox 72 2397 1221 2481; baseline 0 -19"><span class='ocrx_word' id='word_1_222' title='bbox 72 2420 145 2481; x_wconf 85' lang='lat' dir='ltr'>quae</span> <span class='ocrx_word' id='word_1_223' title='bbox 159 2404 210 2461; x_wconf 86' lang='lat' dir='ltr'>est</span> <span class='ocrx_word' id='word_1_224' title='bbox 224 2419 243 2461; x_wconf 88' lang='lat' dir='ltr'>a</span> <span class='ocrx_word' id='word_1_225' title='bbox 258 2398 405 2475; x_wconf 80' lang='lat' dir='ltr'>sinistris,</span> <span class='ocrx_word' id='word_1_226' title='bbox 420 2404 454 2459; x_wconf 88' lang='lat' dir='ltr'>et</span> <span class='ocrx_word' id='word_1_227' title='bbox 469 2398 544 2460; x_wconf 90' lang='lat' dir='ltr'>inde</span> <span class='ocrx_word' id='word_1_228' title='bbox 559 2418 668 2459; x_wconf 85' lang='lat' dir='ltr'>versus</span> <span class='ocrx_word' id='word_1_229' title='bbox 688 2397 771 2459; x_wconf 90' lang='lat' dir='ltr'>Nort</span> <span class='ocrx_word' id='word_1_230' title='bbox 787 2418 886 2479; x_wconf 86' lang='lat' dir='ltr'>usqne</span> <span class='ocrx_word' id='word_1_231' title='bbox 904 2400 945 2460; x_wconf 91' lang='lat' dir='ltr'>ad</span> <span class='ocrx_word' id='word_1_232' title='bbox 961 2404 1053 2461; x_wconf 85' lang='lat' dir='ltr'>vetus</span> <span class='ocrx_word' id='word_1_233' title='bbox 1069 2400 1221 2462; x_wconf 87' lang='lat' dir='ltr'>fossatum</span> 
     </span>
     <span class='ocr_line' id='line_1_24' title="bbox 71 2493 1222 2575; baseline 0.001 -18"><span class='ocrx_word' id='word_1_234' title='bbox 71 2494 130 2557; x_wconf 90' lang='lat' dir='ltr'>ubi</span> <span class='ocrx_word' id='word_1_235' title='bbox 144 2496 237 2557; x_wconf 85' lang='lat' dir='ltr'>venit</span> <span class='ocrx_word' id='word_1_236' title='bbox 251 2495 286 2556; x_wconf 92' lang='lat' dir='ltr'>in</span> <span class='ocrx_word' id='word_1_237' title='bbox 301 2493 409 2555; x_wconf 89' lang='lat' dir='ltr'>lecche</span> <span class='ocrx_word' id='word_1_238' title='bbox 424 2495 481 2575; x_wconf 88' lang='lat' dir='ltr'>qui</span> <span class='ocrx_word' id='word_1_239' title='bbox 497 2493 663 2555; x_wconf 86' lang='lat' dir='ltr'>descendit</span> <span class='ocrx_word' id='word_1_240' title='bbox 678 2494 712 2555; x_wconf 90' lang='lat' dir='ltr'>in</span> <span class='ocrx_word' id='word_1_241' title='bbox 735 2494 970 2572; x_wconf 86' lang='lat' dir='ltr'>Thorniwham,</span> <span class='ocrx_word' id='word_1_242' title='bbox 986 2501 1020 2557; x_wconf 90' lang='lat' dir='ltr'>et</span> <span class='ocrx_word' id='word_1_243' title='bbox 1042 2496 1157 2558; x_wconf 86' lang='lat' dir='ltr'>deinde</span> <span class='ocrx_word' id='word_1_244' title='bbox 1180 2497 1222 2559; x_wconf 90' lang='lat' dir='ltr'>ab</span> 
     </span>
     <span class='ocr_line' id='line_1_25' title="bbox 70 2589 1220 2671; baseline 0.002 -20"><span class='ocrx_word' id='word_1_245' title='bbox 70 2589 142 2671; x_wconf 81' lang='lat' dir='ltr'>ipso</span> <span class='ocrx_word' id='word_1_246' title='bbox 164 2590 284 2653; x_wconf 81' lang='lat' dir='ltr'>fossato</span> <span class='ocrx_word' id='word_1_247' title='bbox 299 2589 454 2670; x_wconf 83' lang='lat' dir='ltr'>usquead</span> <span class='ocrx_word' id='word_1_248' title='bbox 469 2590 686 2670; x_wconf 80' lang='lat' dir='ltr'>supradictam</span> <span class='ocrx_word' id='word_1_249' title='bbox 702 2589 864 2651; x_wconf 86' lang='lat' dir='ltr'>furouram</span> <span class='ocrx_word' id='word_1_250' title='bbox 880 2591 940 2652; x_wconf 84' lang='lat' dir='ltr'>viae</span> <span class='ocrx_word' id='word_1_251' title='bbox 955 2592 994 2652; x_wconf 87' lang='lat' dir='ltr'>de</span> <span class='ocrx_word' id='word_1_252' title='bbox 1011 2592 1220 2655; x_wconf 87' lang='lat' dir='ltr'>Lithtedune.</span> 
     </span>
     <span class='ocr_line' id='line_1_26' title="bbox 71 2683 1220 2770; baseline 0.001 -22"><span class='ocrx_word' id='word_1_253' title='bbox 71 2685 234 2749; x_wconf 70' lang='lat' dir='ltr'>Praeterea</span> <span class='ocrx_word' id='word_1_254' title='bbox 248 2685 417 2747; x_wconf 83' lang='lat' dir='ltr'>licenciam</span> <span class='ocrx_word' id='word_1_255' title='bbox 432 2684 478 2745; x_wconf 90' lang='lat' dir='ltr'>eis</span> <span class='ocrx_word' id='word_1_256' title='bbox 492 2684 568 2745; x_wconf 73' lang='lat' dir='ltr'>dccli</span> <span class='ocrx_word' id='word_1_257' title='bbox 583 2683 721 2746; x_wconf 86' lang='lat' dir='ltr'>faciendi</span> <span class='ocrx_word' id='word_1_258' title='bbox 737 2704 834 2745; x_wconf 91' lang='lat' dir='ltr'>unam</span> <span class='ocrx_word' id='word_1_259' title='bbox 849 2685 969 2748; x_wconf 88' lang='lat' dir='ltr'>faldam</span> <span class='ocrx_word' id='word_1_260' title='bbox 985 2687 1040 2748; x_wconf 93' lang='lat' dir='ltr'>ubi</span> <span class='ocrx_word' id='word_1_261' title='bbox 1056 2689 1102 2749; x_wconf 86' lang='lat' dir='ltr'>eis</span> <span class='ocrx_word' id='word_1_262' title='bbox 1117 2691 1220 2770; x_wconf 83' lang='lat' dir='ltr'>magis</span> 
     </span>
     <span class='ocr_line' id='line_1_27' title="bbox 69 2779 1221 2861; baseline 0 -16"><span class='ocrx_word' id='word_1_263' title='bbox 69 2782 111 2845; x_wconf 76' lang='lat' dir='ltr'>od</span> <span class='ocrx_word' id='word_1_264' title='bbox 138 2782 355 2843; x_wconf 81' lang='lat' dir='ltr'>asiamentum</span> <span class='ocrx_word' id='word_1_265' title='bbox 378 2781 440 2841; x_wconf 86' lang='lat' dir='ltr'>erit</span> <span class='ocrx_word' id='word_1_266' title='bbox 464 2780 641 2861; x_wconf 85' lang='lat' dir='ltr'>pervisum</span> <span class='ocrx_word' id='word_1_267' title='bbox 667 2779 905 2842; x_wconf 74' lang='lat' dir='ltr'>forestariorum</span> <span class='ocrx_word' id='word_1_268' title='bbox 932 2801 1075 2844; x_wconf 84' lang='lat' dir='ltr'>meorum</span> <span class='ocrx_word' id='word_1_269' title='bbox 1100 2791 1134 2844; x_wconf 90' lang='lat' dir='ltr'>et</span> <span class='ocrx_word' id='word_1_270' title='bbox 1155 2786 1221 2845; x_wconf 89' lang='lat' dir='ltr'>sine</span> 
     </span>
     <span class='ocr_line' id='line_1_28' title="bbox 70 2875 1221 2956; baseline 0.003 -17"><span class='ocrx_word' id='word_1_271' title='bbox 70 2884 171 2939; x_wconf 75' lang='lat' dir='ltr'>vasto.</span> <span class='ocrx_word' id='word_1_272' title='bbox 217 2875 309 2950; x_wconf 79' lang='lat' dir='ltr'>Quod</span> <span class='ocrx_word' id='word_1_273' title='bbox 331 2875 358 2935; x_wconf 88' lang='lat' dir='ltr'>si</span> <span class='ocrx_word' id='word_1_274' title='bbox 372 2875 481 2937; x_wconf 86' lang='lat' dir='ltr'>averia</span> <span class='ocrx_word' id='word_1_275' title='bbox 496 2895 607 2937; x_wconf 90' lang='lat' dir='ltr'>eorum</span> <span class='ocrx_word' id='word_1_276' title='bbox 621 2895 697 2936; x_wconf 84' lang='lat' dir='ltr'>casu</span> <span class='ocrx_word' id='word_1_277' title='bbox 713 2876 882 2956; x_wconf 82' lang='lat' dir='ltr'>praedictas</span> <span class='ocrx_word' id='word_1_278' title='bbox 903 2877 1019 2938; x_wconf 86' lang='lat' dir='ltr'>divisas</span> <span class='ocrx_word' id='word_1_279' title='bbox 1035 2880 1221 2942; x_wconf 77' lang='lat' dir='ltr'>transierint</span> 
     </span>
    </p>
   </div>
   <div class='ocr_carea' id='block_1_4' title="bbox 68 2971 1217 3140">
    <p class='ocr_par' dir='ltr' id='par_1_4' title="bbox 68 2971 1217 3140">
     <span class='ocr_line' id='line_1_29' title="bbox 69 2971 1217 3053; baseline 0.003 -18"><span class='ocrx_word' id='word_1_280' title='bbox 69 2974 138 3035; x_wconf 86' lang='lat' dir='ltr'>sine</span> <span class='ocrx_word' id='word_1_281' title='bbox 153 2972 302 3035; x_wconf 86' lang='lat' dir='ltr'>custodia</span> <span class='ocrx_word' id='word_1_282' title='bbox 316 2972 413 3048; x_wconf 83' lang='lat' dir='ltr'>facta,</span> <span class='ocrx_word' id='word_1_283' title='bbox 425 2992 482 3053; x_wconf 84' lang='lat' dir='ltr'>per</span> <span class='ocrx_word' id='word_1_284' title='bbox 497 2971 557 3032; x_wconf 89' lang='lat' dir='ltr'>hoc</span> <span class='ocrx_word' id='word_1_285' title='bbox 573 2991 638 3033; x_wconf 92' lang='lat' dir='ltr'>non</span> <span class='ocrx_word' id='word_1_286' title='bbox 653 2978 825 3033; x_wconf 74' lang='lat' dir='ltr'>causentur</span> <span class='ocrx_word' id='word_1_287' title='bbox 839 2991 899 3032; x_wconf 90' lang='lat' dir='ltr'>nec</span> <span class='ocrx_word' id='word_1_288' title='bbox 912 2978 1065 3034; x_wconf 83' lang='lat' dir='ltr'>vexentur</span> <span class='ocrx_word' id='word_1_289' title='bbox 1079 2974 1120 3035; x_wconf 92' lang='lat' dir='ltr'>ab</span> <span class='ocrx_word' id='word_1_290' title='bbox 1133 2975 1217 3039; x_wconf 88' lang='lat' dir='ltr'>hom.</span> 
     </span>
     <span class='ocr_line' id='line_1_30' title="bbox 68 3065 926 3140; baseline -0.005 -10"><span class='ocrx_word' id='word_1_291' title='bbox 68 3069 161 3131; x_wconf 88' lang='lat' dir='ltr'>meis.</span> <span class='ocrx_word' id='word_1_292' title='bbox 206 3066 283 3129; x_wconf 86' lang='lat' dir='ltr'>Hiis</span> <span class='ocrx_word' id='word_1_293' title='bbox 297 3065 448 3140; x_wconf 86' lang='lat' dir='ltr'>testibus,</span> <span class='ocrx_word' id='word_1_294' title='bbox 464 3065 644 3128; x_wconf 87' lang='lat' dir='ltr'>Gillcberto</span> <span class='ocrx_word' id='word_1_295' title='bbox 659 3066 707 3128; x_wconf 88' lang='lat' dir='ltr'>De</span> <span class='ocrx_word' id='word_1_296' title='bbox 724 3066 755 3128; x_wconf 89' lang='lat' dir='ltr'>la</span> <span class='ocrx_word' id='word_1_297' title='bbox 773 3066 847 3140; x_wconf 90' lang='lat' dir='ltr'>vall,</span> <span class='ocrx_word' id='word_1_298' title='bbox 864 3071 926 3127; x_wconf 87' lang='lat' dir='ltr'>etc.</span> 
     </span>
    </p>
   </div>
   <div class='ocr_carea' id='block_1_5' title="bbox 62 3255 1393 4187">
    <p class='ocr_par' dir='ltr' id='par_1_5' title="bbox 62 3255 1393 4187">
     <span class='ocr_line' id='line_1_31' title="bbox 134 3255 1337 3337; baseline 0.004 -16"><span class='ocrx_word' id='word_1_299' title='bbox 134 3257 316 3334; x_wconf 87' lang='lat' dir='ltr'>Omnibus,-</span> <span class='ocrx_word' id='word_1_300' title='bbox 335 3262 397 3319; x_wconf 90' lang='lat' dir='ltr'>etc.</span> <span class='ocrx_word' id='word_1_301' title='bbox 443 3255 605 3320; x_wconf 88' lang='lat' dir='ltr'>Johanncs</span> <span class='ocrx_word' id='word_1_302' title='bbox 635 3258 675 3319; x_wconf 89' lang='lat' dir='ltr'>de</span> <span class='ocrx_word' id='word_1_303' title='bbox 706 3256 801 3335; x_wconf 84' lang='lat' dir='ltr'>Cana,</span> <span class='ocrx_word' id='word_1_304' title='bbox 832 3258 979 3319; x_wconf 88' lang='lat' dir='ltr'>salutem.</span> <span class='ocrx_word' id='word_1_305' title='bbox 1025 3258 1142 3323; x_wconf 84' lang='lat' dir='ltr'>Sciatis</span> <span class='ocrx_word' id='word_1_306' title='bbox 1166 3284 1217 3324; x_wconf 90' lang='lat' dir='ltr'>me</span> <span class='ocrx_word' id='word_1_307' title='bbox 1297 3275 1337 3337; x_wconf 78' lang='lat' dir='ltr'>xi·</span> 
     </span>
     <span class='ocr_line' id='line_1_32' title="bbox 66 3342 1393 3435; baseline 0.004 -20"><span class='ocrx_word' id='word_1_308' title='bbox 66 3374 221 3417; x_wconf 84' lang='lat' dir='ltr'>consensu</span> <span class='ocrx_word' id='word_1_309' title='bbox 245 3360 280 3416; x_wconf 88' lang='lat' dir='ltr'>et</span> <span class='ocrx_word' id='word_1_310' title='bbox 296 3353 462 3416; x_wconf 83' lang='lat' dir='ltr'>voluntate</span> <span class='ocrx_word' id='word_1_311' title='bbox 477 3353 581 3416; x_wconf 83' lang='lat' dir='ltr'>Alinae</span> <span class='ocrx_word' id='word_1_312' title='bbox 604 3355 708 3415; x_wconf 85' lang='lat' dir='ltr'>uxoris</span> <span class='ocrx_word' id='word_1_313' title='bbox 731 3374 810 3415; x_wconf 80' lang='lat' dir='ltr'>meae</span> <span class='ocrx_word' id='word_1_314' title='bbox 833 3374 889 3435; x_wconf 86' lang='lat' dir='ltr'>pro</span> <span class='ocrx_word' id='word_1_315' title='bbox 912 3353 1014 3416; x_wconf 85' lang='lat' dir='ltr'>salute</span> <span class='ocrx_word' id='word_1_316' title='bbox 1036 3357 1215 3420; x_wconf 86' lang='lat' dir='ltr'>animarum</span> <span class='ocrx_word' id='word_1_317' title='bbox 1241 3342 1393 3395; x_wconf 70' lang='lat' dir='ltr'>Licancelor</span> 
     </span>
     <span class='ocr_line' id='line_1_33' title="bbox 66 3408 1368 3533; baseline 0.004 -22"><span class='ocrx_word' id='word_1_318' title='bbox 66 3470 215 3512; x_wconf 84' lang='lat' dir='ltr'>mearum</span> <span class='ocrx_word' id='word_1_319' title='bbox 230 3446 311 3533; x_wconf 76' lang='lat' dir='ltr'>(sio)</span> <span class='ocrx_word' id='word_1_320' title='bbox 325 3454 430 3510; x_wconf 87' lang='lat' dir='ltr'>antec.</span> <span class='ocrx_word' id='word_1_321' title='bbox 447 3448 561 3510; x_wconf 88' lang='lat' dir='ltr'>ether.</span> <span class='ocrx_word' id='word_1_322' title='bbox 577 3454 758 3510; x_wconf 90' lang='lat' dir='ltr'>nostrorum</span> <span class='ocrx_word' id='word_1_323' title='bbox 779 3469 868 3510; x_wconf 87' lang='lat' dir='ltr'>conc.</span> <span class='ocrx_word' id='word_1_324' title='bbox 884 3457 917 3511; x_wconf 89' lang='lat' dir='ltr'>et</span> <span class='ocrx_word' id='word_1_325' title='bbox 932 3451 964 3511; x_wconf 89' lang='lat' dir='ltr'>h.</span> <span class='ocrx_word' id='word_1_326' title='bbox 981 3472 1011 3532; x_wconf 93' lang='lat' dir='ltr'>p.</span> <span class='ocrx_word' id='word_1_327' title='bbox 1029 3472 1056 3512; x_wconf 90' lang='lat' dir='ltr'>c.</span> <span class='ocrx_word' id='word_1_328' title='bbox 1073 3473 1116 3515; x_wconf 91' lang='lat' dir='ltr'>m.</span> <span class='ocrx_word' id='word_1_329' title='bbox 1132 3455 1214 3515; x_wconf 86' lang='lat' dir='ltr'>conf.</span> <span class='ocrx_word' id='word_1_330' title='bbox 1240 3408 1368 3533; x_wconf 55' lang='lat' dir='ltr'>lolffi}</span> 
     </span>
     <span class='ocr_line' id='line_1_34' title="bbox 66 3539 1391 3654; baseline 0.003 -46"><span class='ocrx_word' id='word_1_331' title='bbox 66 3545 135 3608; x_wconf 92' lang='lat' dir='ltr'>Deo</span> <span class='ocrx_word' id='word_1_332' title='bbox 151 3551 186 3608; x_wconf 91' lang='lat' dir='ltr'>et</span> <span class='ocrx_word' id='word_1_333' title='bbox 201 3544 234 3608; x_wconf 80' lang='lat' dir='ltr'>S.</span> <span class='ocrx_word' id='word_1_334' title='bbox 251 3544 300 3607; x_wconf 91' lang='lat' dir='ltr'>M.</span> <span class='ocrx_word' id='word_1_335' title='bbox 316 3549 351 3606; x_wconf 92' lang='lat' dir='ltr'>et</span> <span class='ocrx_word' id='word_1_336' title='bbox 365 3563 451 3605; x_wconf 90' lang='lat' dir='ltr'>mon.</span> <span class='ocrx_word' id='word_1_337' title='bbox 475 3545 515 3606; x_wconf 87' lang='lat' dir='ltr'>dc</span> <span class='ocrx_word' id='word_1_338' title='bbox 538 3544 598 3607; x_wconf 91' lang='lat' dir='ltr'>No.</span> <span class='ocrx_word' id='word_1_339' title='bbox 617 3544 683 3606; x_wconf 88' lang='lat' dir='ltr'>Mo.</span> <span class='ocrx_word' id='word_1_340' title='bbox 708 3565 805 3606; x_wconf 88' lang='lat' dir='ltr'>unam</span> <span class='ocrx_word' id='word_1_341' title='bbox 828 3567 945 3608; x_wconf 86' lang='lat' dir='ltr'>novam</span> <span class='ocrx_word' id='word_1_342' title='bbox 968 3548 1089 3609; x_wconf 81' lang='lat' dir='ltr'>fuldam</span> <span class='ocrx_word' id='word_1_343' title='bbox 1112 3551 1215 3613; x_wconf 89' lang='lat' dir='ltr'>facere</span> <span class='ocrx_word' id='word_1_344' title='bbox 1240 3539 1391 3654; x_wconf 53' lang='lat' dir='ltr'>gll⁰h¹¹d⁰</span> 
     </span>
     <span class='ocr_line' id='line_1_35' title="bbox 64 3620 1327 3724; baseline 0.003 -21"><span class='ocrx_word' id='word_1_345' title='bbox 64 3641 238 3703; x_wconf 81' lang='lat' dir='ltr'>annuatim</span> <span class='ocrx_word' id='word_1_346' title='bbox 251 3641 287 3701; x_wconf 90' lang='lat' dir='ltr'>in</span> <span class='ocrx_word' id='word_1_347' title='bbox 301 3639 394 3701; x_wconf 81' lang='lat' dir='ltr'>bosco</span> <span class='ocrx_word' id='word_1_348' title='bbox 410 3659 482 3701; x_wconf 90' lang='lat' dir='ltr'>meo</span> <span class='ocrx_word' id='word_1_349' title='bbox 499 3638 540 3700; x_wconf 87' lang='lat' dir='ltr'>dc</span> <span class='ocrx_word' id='word_1_350' title='bbox 564 3639 742 3701; x_wconf 88' lang='lat' dir='ltr'>Lithedone</span> <span class='ocrx_word' id='word_1_351' title='bbox 756 3641 796 3701; x_wconf 91' lang='lat' dir='ltr'>ad</span> <span class='ocrx_word' id='word_1_352' title='bbox 820 3641 1011 3722; x_wconf 85' lang='lat' dir='ltr'>capiendum</span> <span class='ocrx_word' id='word_1_353' title='bbox 1026 3664 1122 3724; x_wconf 81' lang='lat' dir='ltr'>equos</span> <span class='ocrx_word' id='word_1_354' title='bbox 1145 3666 1215 3707; x_wconf 82' lang='lat' dir='ltr'>suos</span> <span class='ocrx_word' id='word_1_355' title='bbox 1261 3620 1327 3654; x_wconf 47' lang='lat' dir='ltr'>(ruse.</span> 
     </span>
     <span class='ocr_line' id='line_1_36' title="bbox 65 3735 1215 3820; baseline 0.002 -20"><span class='ocrx_word' id='word_1_356' title='bbox 65 3738 122 3800; x_wconf 92' lang='lat' dir='ltr'>ubi</span> <span class='ocrx_word' id='word_1_357' title='bbox 148 3737 254 3819; x_wconf 85' lang='lat' dir='ltr'>magis</span> <span class='ocrx_word' id='word_1_358' title='bbox 278 3736 325 3796; x_wconf 88' lang='lat' dir='ltr'>eis</span> <span class='ocrx_word' id='word_1_359' title='bbox 350 3736 414 3797; x_wconf 90' lang='lat' dir='ltr'>erit</span> <span class='ocrx_word' id='word_1_360' title='bbox 437 3735 478 3797; x_wconf 85' lang='lat' dir='ltr'>ad</span> <span class='ocrx_word' id='word_1_361' title='bbox 502 3736 725 3809; x_wconf 66' lang='lat' dir='ltr'>aucmentum,</span> <span class='ocrx_word' id='word_1_362' title='bbox 742 3742 776 3796; x_wconf 88' lang='lat' dir='ltr'>et</span> <span class='ocrx_word' id='word_1_363' title='bbox 802 3736 893 3797; x_wconf 82' lang='lat' dir='ltr'>illurn</span> <span class='ocrx_word' id='word_1_364' title='bbox 919 3759 993 3799; x_wconf 78' lang='lat' dir='ltr'>crun</span> <span class='ocrx_word' id='word_1_365' title='bbox 1016 3760 1094 3820; x_wconf 86' lang='lat' dir='ltr'>opus</span> <span class='ocrx_word' id='word_1_366' title='bbox 1117 3741 1215 3803; x_wconf 86' lang='lat' dir='ltr'>fuerit</span> 
     </span>
     <span class='ocr_line' id='line_1_37' title="bbox 63 3830 1212 3915; baseline 0.003 -20"><span class='ocrx_word' id='word_1_367' title='bbox 63 3852 221 3915; x_wconf 86' lang='lat' dir='ltr'>reparare.</span> <span class='ocrx_word' id='word_1_368' title='bbox 267 3832 312 3893; x_wconf 87' lang='lat' dir='ltr'>Et</span> <span class='ocrx_word' id='word_1_369' title='bbox 325 3832 480 3892; x_wconf 87' lang='lat' dir='ltr'>confirmo</span> <span class='ocrx_word' id='word_1_370' title='bbox 495 3830 617 3891; x_wconf 90' lang='lat' dir='ltr'>eisdem</span> <span class='ocrx_word' id='word_1_371' title='bbox 633 3851 717 3892; x_wconf 88' lang='lat' dir='ltr'>mon.</span> <span class='ocrx_word' id='word_1_372' title='bbox 734 3830 853 3892; x_wconf 82' lang='lat' dir='ltr'>fuldam</span> <span class='ocrx_word' id='word_1_373' title='bbox 869 3839 902 3893; x_wconf 88' lang='lat' dir='ltr'>et</span> <span class='ocrx_word' id='word_1_374' title='bbox 924 3838 1027 3894; x_wconf 91' lang='lat' dir='ltr'>totam</span> <span class='ocrx_word' id='word_1_375' title='bbox 1048 3842 1212 3915; x_wconf 88' lang='lat' dir='ltr'>pasturam</span> 
     </span>
     <span class='ocr_line' id='line_1_38' title="bbox 63 3925 1212 4013; baseline 0.003 -23"><span class='ocrx_word' id='word_1_376' title='bbox 63 3948 144 4011; x_wconf 87' lang='lat' dir='ltr'>quas</span> <span class='ocrx_word' id='word_1_377' title='bbox 159 3926 279 3990; x_wconf 88' lang='lat' dir='ltr'>habent</span> <span class='ocrx_word' id='word_1_378' title='bbox 295 3946 333 3989; x_wconf 88' lang='lat' dir='ltr'>ex</span> <span class='ocrx_word' id='word_1_379' title='bbox 348 3926 431 3988; x_wconf 92' lang='lat' dir='ltr'>dono</span> <span class='ocrx_word' id='word_1_380' title='bbox 453 3927 659 3987; x_wconf 85' lang='lat' dir='ltr'>antecessoria</span> <span class='ocrx_word' id='word_1_381' title='bbox 683 3926 746 3987; x_wconf 92' lang='lat' dir='ltr'>mei</span> <span class='ocrx_word' id='word_1_382' title='bbox 769 3925 907 3987; x_wconf 83' lang='lat' dir='ltr'>Walteri</span> <span class='ocrx_word' id='word_1_383' title='bbox 929 3927 975 3991; x_wconf 90' lang='lat' dir='ltr'>fil.</span> <span class='ocrx_word' id='word_1_384' title='bbox 992 3929 1132 3992; x_wconf 88' lang='lat' dir='ltr'>Gilberti</span> <span class='ocrx_word' id='word_1_385' title='bbox 1156 3953 1212 4013; x_wconf 87' lang='lat' dir='ltr'>per</span> 
     </span>
     <span class='ocr_line' id='line_1_39' title="bbox 62 4021 1211 4104; baseline 0.004 -18"><span class='ocrx_word' id='word_1_386' title='bbox 62 4024 183 4087; x_wconf 84' lang='lat' dir='ltr'>divisas</span> <span class='ocrx_word' id='word_1_387' title='bbox 198 4022 378 4085; x_wconf 82' lang='lat' dir='ltr'>nominatas</span> <span class='ocrx_word' id='word_1_388' title='bbox 393 4023 428 4082; x_wconf 92' lang='lat' dir='ltr'>in</span> <span class='ocrx_word' id='word_1_389' title='bbox 449 4028 537 4083; x_wconf 87' lang='lat' dir='ltr'>carta</span> <span class='ocrx_word' id='word_1_390' title='bbox 560 4041 616 4082; x_wconf 88' lang='lat' dir='ltr'>aua</span> <span class='ocrx_word' id='word_1_391' title='bbox 639 4041 735 4103; x_wconf 87' lang='lat' dir='ltr'>quam</span> <span class='ocrx_word' id='word_1_392' title='bbox 758 4021 878 4082; x_wconf 85' lang='lat' dir='ltr'>habent</span> <span class='ocrx_word' id='word_1_393' title='bbox 901 4022 940 4084; x_wconf 91' lang='lat' dir='ltr'>de</span> <span class='ocrx_word' id='word_1_394' title='bbox 956 4026 1052 4104; x_wconf 75' lang='lat' dir='ltr'>praed.</span> <span class='ocrx_word' id='word_1_395' title='bbox 1070 4026 1211 4091; x_wconf 85' lang='lat' dir='ltr'>Waltero</span> 
     </span>
     <span class='ocr_line' id='line_1_40' title="bbox 63 4115 1210 4187; baseline 0.003 -4"><span class='ocrx_word' id='word_1_396' title='bbox 63 4120 110 4183; x_wconf 85' lang='lat' dir='ltr'>fil.</span> <span class='ocrx_word' id='word_1_397' title='bbox 126 4118 278 4183; x_wconf 83' lang='lat' dir='ltr'>Gilberti.</span> <span class='ocrx_word' id='word_1_398' title='bbox 324 4117 483 4180; x_wconf 75' lang='lat' dir='ltr'>Praeterea</span> <span class='ocrx_word' id='word_1_399' title='bbox 505 4118 644 4180; x_wconf 88' lang='lat' dir='ltr'>concedo</span> <span class='ocrx_word' id='word_1_400' title='bbox 667 4122 700 4179; x_wconf 88' lang='lat' dir='ltr'>et</span> <span class='ocrx_word' id='word_1_401' title='bbox 723 4115 875 4177; x_wconf 86' lang='lat' dir='ltr'>confirmo</span> <span class='ocrx_word' id='word_1_402' title='bbox 899 4119 1018 4181; x_wconf 88' lang='lat' dir='ltr'>eisdem</span> <span class='ocrx_word' id='word_1_403' title='bbox 1048 4125 1210 4187; x_wconf 84' lang='lat' dir='ltr'>monachis</span> 
     </span>
    </p>
   </div>
   <div class='ocr_carea' id='block_1_6' title="bbox 64 4212 1210 4296">
    <p class='ocr_par' dir='ltr' id='par_1_6' title="bbox 64 4212 1210 4296">
     <span class='ocr_line' id='line_1_41' title="bbox 64 4212 1210 4296; baseline 0.004 -18"><span class='ocrx_word' id='word_1_404' title='bbox 64 4222 151 4278; x_wconf 76' lang='lat' dir='ltr'>totas</span> <span class='ocrx_word' id='word_1_405' title='bbox 165 4222 266 4278; x_wconf 72' lang='lat' dir='ltr'>term</span> <span class='ocrx_word' id='word_1_406' title='bbox 282 4234 360 4296; x_wconf 84' lang='lat' dir='ltr'>quas</span> <span class='ocrx_word' id='word_1_407' title='bbox 375 4214 496 4276; x_wconf 88' lang='lat' dir='ltr'>habent</span> <span class='ocrx_word' id='word_1_408' title='bbox 511 4234 550 4276; x_wconf 86' lang='lat' dir='ltr'>ex</span> <span class='ocrx_word' id='word_1_409' title='bbox 568 4213 651 4276; x_wconf 94' lang='lat' dir='ltr'>dono</span> <span class='ocrx_word' id='word_1_410' title='bbox 675 4213 808 4275; x_wconf 88' lang='lat' dir='ltr'>Roberti</span> <span class='ocrx_word' id='word_1_411' title='bbox 832 4212 876 4274; x_wconf 89' lang='lat' dir='ltr'>fil.</span> <span class='ocrx_word' id='word_1_412' title='bbox 893 4213 1041 4287; x_wconf 85' lang='lat' dir='ltr'>Nicholai</span> <span class='ocrx_word' id='word_1_413' title='bbox 1056 4219 1096 4282; x_wconf 87' lang='lat' dir='ltr'>dc</span> <span class='ocrx_word' id='word_1_414' title='bbox 1117 4218 1210 4285; x_wconf 88' lang='lat' dir='ltr'>Cam·</span> 
     </span>
    </p>
   </div>
   <div class='ocr_carea' id='block_1_7' title="bbox 0 0 1474 5048">
    <p class='ocr_par' dir='ltr' id='par_1_7' title="bbox 0 0 1474 5048">
     <span class='ocr_line' id='line_1_42' title="bbox 0 0 1474 5048; baseline 0 7"><span class='ocrx_word' id='word_1_415' title='bbox 0 0 1474 5048; x_wconf 95' lang='lat' dir='ltr'> </span> 
     </span>
    </p>
   </div>
  </div>
 </body>
</html>
