2940 5048
717 332 989 384 cnunffmmffl

279 501 426 561 omniun
440 503 505 561 suis
520 502 725 582 pertinenciis
740 502 781 564 ad
796 508 922 564 tantam
937 508 1057 563 terram
1071 501 1105 562 in
1122 499 1223 583 praed.
1239 500 1319 564 villa
1335 501 1427 584 perti·

279 597 441 671 uentibus,
456 598 498 659 ad
519 597 655 659 faciend.
678 599 753 660 iude
775 598 998 660 omnimodum
1020 597 1203 679 proficuum
1227 618 1324 660 suum
1338 605 1428 681 prout

279 693 325 753 eis
356 693 470 754 melius
496 693 663 775 placuerit,
686 715 758 776 quae
780 695 911 777 quidem
933 695 1070 756 dimidia
1092 714 1168 756 nora
1195 700 1293 758 terrae
1315 696 1426 778 incipit

279 788 320 850 ab
335 790 482 850 domibus
497 790 644 871 praedicti
655 791 780 853 abbatis
794 798 829 852 et
844 791 1073 852 monachorum
1088 792 1124 852 in
1134 789 1215 853 villa
1228 791 1272 854 de
1293 790 1424 853 Kestern

278 898 310 946 et
326 907 360 946 se
376 888 520 947 extendit
538 888 572 947 in
588 887 722 968 longum
732 907 840 947 versus
851 886 1053 949 occidentem
1062 907 1119 969 per
1130 907 1254 969 aquam
1265 887 1307 950 dc
1318 885 1424 963 Colat,

279 992 311 1043 et
328 984 444 1063 incipit
462 1004 480 1042 a
497 983 591 1043 liridi
609 982 714 1064 placia
730 982 818 1045 rillae
833 983 994 1065 praedictae
1010 990 1044 1044 et
1059 1004 1092 1045 se
1108 984 1260 1045 extendit
1276 984 1312 1045 in
1327 983 1423 1045 latum

280 1080 432 1158 usquead
451 1099 568 1160 aquam
590 1079 630 1140 de
652 1078 764 1141 Coket.
809 1079 887 1140 Teu.
903 1085 937 1140 et
949 1078 1022 1141 hab.
1039 1080 1135 1140 dictis
1150 1079 1226 1141 abb.
1242 1084 1279 1140 et
1294 1100 1377 1143 mon.
1389 1084 1422 1142 el

279 1194 389 1233 eorum
405 1175 636 1236 successoribus
650 1175 690 1236 de
700 1196 751 1237 me
761 1186 793 1237 et
803 1176 871 1235 her.
883 1195 927 1235 m.
943 1176 976 1236 iu
993 1195 1082 1257 perp.
1095 1174 1152 1236 lib.
1169 1176 1237 1257 qui.
1254 1176 1378 1258 integre
1391 1179 1423 1236 et

278 1270 381 1331 solute
397 1272 437 1333 ab
452 1274 541 1333 omui
556 1293 635 1333 serv.
650 1293 737 1334 cons,
750 1293 853 1334 exacc.
867 1281 898 1333 et
916 1273 1000 1334 dem.
1013 1273 1102 1334 sicud
1119 1273 1232 1355 aliqua
1245 1271 1289 1334 el.
1299 1271 1424 1335 liberius

278 1380 309 1427 ct
328 1366 453 1447 plenius
469 1368 537 1429 dari
553 1377 655 1450 potest
674 1369 723 1430 vel
739 1368 902 1450 possideri.
947 1369 992 1430 Et
1007 1388 1067 1450 ego
1082 1369 1115 1431 J.
1131 1377 1165 1430 et
1181 1369 1251 1432 her.
1269 1389 1315 1430 m.
1330 1367 1421 1452 praed.

278 1462 486 1524 donacionem
502 1486 638 1527 concess.
654 1465 763 1526 confir.
779 1466 876 1546 praed.
893 1465 965 1527 abb.
981 1474 1013 1526 et
1030 1485 1116 1526 mon.
1129 1471 1161 1526 et
1180 1485 1295 1526 eorum
1310 1484 1425 1526 succes·

278 1559 400 1619 soribus
416 1580 488 1621 war.
504 1570 535 1622 et
562 1561 624 1622 def.
640 1568 752 1623 contra
768 1581 877 1623 omues
894 1563 928 1623 iu
943 1566 1144 1643 perpetuum.
1190 1560 1352 1638 Testibus,
1365 1566 1422 1622 etc.

156 1756 206 1822 xij·
344 1751 467 1827 Sciant,
483 1759 557 1827 etc.,
573 1755 657 1835 quod
680 1775 741 1836 ego
763 1755 926 1816 Johanues
949 1752 1034 1815 filius
1053 1753 1212 1815 Johanuis
1232 1753 1276 1815 de
1291 1753 1422 1815 Kestem

103 1820 253 1939 ffillelfin
277 1846 349 1909 ded.
366 1869 452 1910 conc.
469 1859 500 1910 et
518 1850 549 1910 lr.
566 1870 598 1931 p.
615 1872 642 1911 c.
659 1871 702 1911 m.
720 1851 803 1911 coni.
820 1851 888 1912 Deo
910 1857 943 1912 et
966 1850 1042 1912 eccl.
1062 1850 1099 1912 B.
1116 1850 1163 1911 M.
1180 1849 1266 1910 Noui
1288 1849 1376 1911 Mon.
1391 1854 1422 1911 et

103 1942 225 2006 caistml.
277 1963 362 2004 mou.
373 1945 495 2005 ibidem
504 1945 573 2006 Deo
588 1946 810 2021 servientibus
826 1967 883 2027 pro
906 1945 961 2006 sal.
985 1965 1036 2007 an.
1060 1965 1104 2006 m.
1125 1949 1159 2006 et
1175 1945 1243 2006 her.
1259 1964 1306 2007 m.
1321 1950 1422 2006 totam

276 2039 367 2100 illam
384 2041 554 2116 cultruam,
570 2063 641 2124 quae
657 2048 789 2104 vocatur
805 2042 970 2124 Dunnesly
985 2043 1019 2102 iu
1035 2062 1150 2123 campo
1165 2042 1206 2103 de
1222 2040 1374 2117 Κρηθῆι,
1385 2061 1421 2101 ex

275 2137 409 2199 australi
447 2148 537 2218 parte
564 2138 603 2199 de
631 2138 731 2202 Coket
760 2160 817 2220 per
843 2139 900 2199 has
926 2139 1054 2212 divisas,
1088 2138 1224 2212 scilicet,
1251 2137 1293 2199 de
1321 2135 1423 2200 colet

277 2252 385 2292 versus
409 2246 552 2293 austrum
578 2255 677 2316 usque
708 2234 748 2295 ad
773 2233 954 2307 Hcslicrok,
979 2241 1013 2294 et
1043 2235 1088 2295 sic
1115 2234 1156 2296 de
1181 2231 1366 2295 Hesilicrok
1389 2236 1425 2294 et

275 2325 441 2409 Dunnesly
459 2350 565 2389 versus
588 2332 744 2391 orientem
760 2350 861 2411 usque
884 2331 917 2390 in
934 2329 1052 2405 Seeles,
1068 2336 1102 2390 et
1125 2330 1170 2390 sic
1186 2328 1227 2390 de
1243 2328 1352 2391 Seeles
1369 2348 1424 2410 per

275 2421 430 2484 fossatum
456 2426 619 2504 usquead
643 2427 760 2487 divisas
785 2426 825 2486 de
852 2425 1019 2501 Bikerton,
1034 2432 1067 2486 et
1092 2426 1137 2486 sic
1162 2445 1219 2507 per
1241 2425 1362 2486 divisas
1384 2424 1423 2485 de

274 2517 429 2579 Bikerton
444 2541 550 2581 versus
565 2522 766 2583 occidentem
783 2542 884 2602 usque
899 2523 933 2583 in
947 2520 1060 2584 Coket.
1107 2520 1269 2583 Praeterea
1280 2520 1421 2583 concessi

273 2612 352 2674 dict.
369 2634 452 2677 mon.
469 2624 500 2675 et
514 2635 546 2695 p.
562 2637 589 2678 c.
602 2637 645 2677 m.
662 2618 744 2680 conf.
757 2618 906 2679 claudere
922 2618 1082 2678 culturam
1098 2617 1188 2678 illam
1208 2637 1282 2698 quae
1295 2623 1423 2679 vocatur

274 2708 357 2790 Leys
372 2731 463 2771 muro
473 2710 523 2771 vel
538 2710 665 2774 fossato.
713 2714 857 2776 Teucud.
872 2721 906 2775 et
916 2714 1052 2776 habeud.
1068 2713 1108 2775 de
1123 2733 1176 2774 mc
1192 2719 1227 2774 et
1243 2713 1313 2776 her.
1328 2734 1372 2775 m.
1387 2714 1421 2774 in

273 2804 331 2866 lib.
348 2826 419 2886 pur.
435 2813 468 2867 et
484 2827 572 2888 perp.
585 2807 625 2868 el.
642 2809 721 2870 adeo
739 2809 795 2872 lib.
811 2811 878 2891 qui.
894 2815 927 2872 et
943 2809 1114 2871 honorifice
1125 2809 1167 2871 ab
1182 2810 1273 2870 omui
1289 2809 1421 2871 servicio

273 2901 363 2963 sicud
378 2901 487 2983 aliqua
498 2902 538 2963 el.
555 2905 622 2964 dari
638 2912 745 2985 potest
761 2905 811 2967 vel
827 2905 990 2986 possideri,
1003 2905 1089 2966 salva
1110 2905 1191 2965 milri
1203 2910 1239 2966 et
1250 2904 1422 2966 heredibus

271 2999 352 3059 meis
368 3005 497 3080 pastura
508 2999 602 3061 dictae
618 3000 752 3063 culturae
769 3001 809 3062 de
824 3000 990 3083 Duunesly
1005 3022 1078 3062 eum
1093 3006 1216 3063 remota
1239 2999 1339 3063 fucrit
1353 3019 1422 3062 ves·

272 3099 346 3155 tura
361 3094 449 3157 bladi
463 3102 495 3157 et
512 3097 607 3177 prati.
653 3096 697 3157 Et
713 3117 773 3179 ego
787 3095 819 3157 J.
835 3116 907 3157 war.
923 3102 985 3157 etc.

146 3292 250 3411 2inst
339 3287 437 3373 (orb)
459 3287 627 3365 Omnibus,
650 3295 709 3349 etc.
733 3287 899 3350 Johaunes
916 3287 1003 3350 filius
1025 3287 1184 3350 Johannis
1203 3287 1246 3350 de
1271 3289 1423 3363 Kestem,

149 3426 207 3540 tl?
273 3383 426 3542 {illul
450 3384 1421 3560 .l.⁰.‘.¹.¹⁰3l{⁰.3l·.¹t{‚¹.⁶llll?lllldlll.

141 3559 226 3606 Μ’·
272 3577 357 3639 Novi
372 3577 462 3638 Mon.
478 3578 511 3638 iu
527 3576 583 3638 lib.
600 3596 669 3657 pur.
690 3581 724 3637 et
746 3596 833 3657 perp.
850 3576 889 3637 el.
907 3576 1069 3658 quandam
1084 3584 1209 3658 partem
1224 3581 1320 3638 terrae
1342 3595 1421 3638 meae

273 3674 307 3734 iu
323 3693 437 3754 campo
453 3672 493 3733 de
510 3672 644 3732 Kestern
662 3692 700 3731 ex
715 3670 848 3732 australi
864 3679 955 3753 purte
971 3672 1011 3733 de
1027 3671 1141 3749 Coket,
1148 3671 1314 3754 jacentem
1325 3672 1420 3754 juxta

273 3769 360 3831 viam
375 3789 447 3851 quae
463 3769 551 3831 vadit
567 3768 607 3829 de
623 3766 762 3828 Kestem
774 3787 880 3828 versus
896 3768 1097 3830 occidentem
1113 3769 1154 3830 ad
1167 3787 1284 3844 moras,
1294 3789 1353 3850 per
1364 3767 1421 3829 has

273 3866 403 3941 divisas,
418 3866 551 3941 scilicet,
566 3864 606 3925 de
622 3863 709 3924 dicta
725 3863 777 3924 via
791 3883 848 3945 per
864 3863 1058 3924 dominicam
1081 3864 1241 3926 culturam
1256 3884 1366 3925 meum
1387 3869 1420 3925 et

274 3980 330 4040 per
345 3962 461 4023 divisas
473 3963 557 4022 inter
572 3980 623 4022 me
640 3963 673 4019 et
689 3958 791 4020 dictos
806 3959 977 4020 monachos
994 3981 1094 4042 usque
1109 3961 1150 4022 ad
1164 3960 1195 4021 le
1211 3958 1316 4041 Heps,
1332 3964 1366 4021 et
1380 3958 1420 4021 de

274 4053 319 4117 les
335 4057 441 4139 Hepes
457 4078 556 4139 usque
572 4056 611 4117 ad
628 4055 743 4116 diuisas
759 4054 797 4116 de
811 4053 975 4129 Bikerton,
986 4061 1020 4115 et
1032 4056 1072 4117 de
1087 4056 1197 4118 divisis
1212 4054 1421 4117 deBikerton

274 4155 430 4233 usquead
445 4155 632 4235 praedictam
648 4152 743 4211 viam.
790 4150 950 4212 Praeterea
972 4151 1046 4212 dedi
1070 4152 1233 4233 praedictis
1256 4151 1421 4214 monachis

274 4250 308 4304 et
324 4267 355 4326 p.
371 4270 399 4309 c.
415 4269 458 4309 m.
478 4251 560 4312 conf.
576 4250 610 4310 iu
627 4247 683 4309 lib.
701 4267 771 4328 pur.
788 4253 819 4308 et
837 4266 922 4327 perp.
939 4246 979 4307 el.
996 4247 1158 4329 quandam
1173 4252 1303 4328 partem
1327 4254 1421 4309 terrae

273 4353 355 4402 meae
370 4343 403 4404 in
419 4364 532 4426 campo
548 4345 587 4406 de
604 4344 741 4405 Kestem
757 4363 795 4402 ex
810 4340 987 4422 aquilonali
1004 4350 1095 4423 parte
1111 4342 1196 4404 villae
1212 4342 1253 4404 de
1269 4343 1422 4418 Rectam,

272 4433 409 4512 scilicet,
422 4437 514 4502 illam
528 4446 645 4503 terram
662 4459 732 4521 quae
744 4438 833 4520 jacet
849 4458 887 4499 ex
903 4439 1054 4500 orientali
1070 4445 1161 4521 parte
1177 4438 1217 4501 de
1229 4438 1423 4503 Scotteluwe
