<?xml version="1.0" encoding="UTF-8"?>
<!DOCTYPE html PUBLIC "-//W3C//DTD XHTML 1.0 Transitional//EN"
    "http://www.w3.org/TR/xhtml1/DTD/xhtml1-transitional.dtd">
<html xmlns="http://www.w3.org/1999/xhtml" xml:lang="en" lang="en">
 <head>
  <title>
</title>
<meta http-equiv="Content-Type" content="text/html;charset=utf-8" />
  <meta name='ocr-system' content='tesseract 3.04.00' />
  <meta name='ocr-capabilities' content='ocr_page ocr_carea ocr_par ocr_line ocrx_word'/>
</head>
<body>
  <div class='ocr_page' id='page_1' title='image "./chartulariumabb00fowlgoog_0068.png"; bbox 0 0 2940 5048; ppageno 0'>
   <div class='ocr_carea' id='block_1_1' title="bbox 428 123 854 177">
    <p class='ocr_par' dir='ltr' id='par_1_1' title="bbox 428 123 854 177">
     <span class='ocr_line' id='line_1_1' title="bbox 428 123 854 177; baseline 0 0"><span class='ocrx_word' id='word_1_1' title='bbox 428 125 474 177; x_wconf 77' lang='lat' dir='ltr'>DE</span> <span class='ocrx_word' id='word_1_2' title='bbox 500 123 593 176; x_wconf 71' lang='lat' dir='ltr'>NOl&#39;O</span> <span class='ocrx_word' id='word_1_3' title='bbox 619 125 854 177; x_wconf 74' lang='lat' dir='ltr'>ltoxhsnnnlo.</span> 
     </span>
    </p>
   </div>
   <div class='ocr_carea' id='block_1_2' title="bbox 58 289 1216 1149">
    <p class='ocr_par' dir='ltr' id='par_1_2' title="bbox 58 289 1216 1149">
     <span class='ocr_line' id='line_1_2' title="bbox 60 289 1215 378; baseline 0.004 -26"><span class='ocrx_word' id='word_1_4' title='bbox 60 289 242 375; x_wconf 84' lang='lat' dir='ltr'>dampnum</span> <span class='ocrx_word' id='word_1_5' title='bbox 258 292 409 369; x_wconf 79' lang='lat' dir='ltr'>iecerint,</span> <span class='ocrx_word' id='word_1_6' title='bbox 424 295 494 357; x_wconf 89' lang='lat' dir='ltr'>volo</span> <span class='ocrx_word' id='word_1_7' title='bbox 510 302 545 358; x_wconf 89' lang='lat' dir='ltr'>et</span> <span class='ocrx_word' id='word_1_8' title='bbox 560 296 701 357; x_wconf 88' lang='lat' dir='ltr'>concedo</span> <span class='ocrx_word' id='word_1_9' title='bbox 723 315 847 377; x_wconf 92' lang='lat' dir='ltr'>prome</span> <span class='ocrx_word' id='word_1_10' title='bbox 863 302 896 357; x_wconf 86' lang='lat' dir='ltr'>et</span> <span class='ocrx_word' id='word_1_11' title='bbox 912 295 978 356; x_wconf 86' lang='lat' dir='ltr'>her.</span> <span class='ocrx_word' id='word_1_12' title='bbox 996 296 1082 376; x_wconf 83' lang='lat' dir='ltr'>quod</span> <span class='ocrx_word' id='word_1_13' title='bbox 1097 295 1215 378; x_wconf 84' lang='lat' dir='ltr'>absque</span> 
     </span>
     <span class='ocr_line' id='line_1_3' title="bbox 58 387 1215 474; baseline 0.002 -23"><span class='ocrx_word' id='word_1_14' title='bbox 58 388 127 465; x_wconf 81' lang='lat' dir='ltr'>lite,</span> <span class='ocrx_word' id='word_1_15' title='bbox 141 387 347 472; x_wconf 85' lang='lat' dir='ltr'>calumpnia,</span> <span class='ocrx_word' id='word_1_16' title='bbox 361 398 396 452; x_wconf 91' lang='lat' dir='ltr'>et</span> <span class='ocrx_word' id='word_1_17' title='bbox 408 391 599 454; x_wconf 85' lang='lat' dir='ltr'>animalium</span> <span class='ocrx_word' id='word_1_18' title='bbox 614 393 858 474; x_wconf 85' lang='lat' dir='ltr'>impareaeione‚</span> <span class='ocrx_word' id='word_1_19' title='bbox 874 413 930 474; x_wconf 88' lang='lat' dir='ltr'>per</span> <span class='ocrx_word' id='word_1_20' title='bbox 946 392 1049 452; x_wconf 84' lang='lat' dir='ltr'>visum</span> <span class='ocrx_word' id='word_1_21' title='bbox 1060 391 1215 453; x_wconf 87' lang='lat' dir='ltr'>honorum</span> 
     </span>
     <span class='ocr_line' id='line_1_4' title="bbox 58 484 1216 571; baseline 0.003 -24"><span class='ocrx_word' id='word_1_22' title='bbox 58 492 92 547; x_wconf 87' lang='lat' dir='ltr'>et</span> <span class='ocrx_word' id='word_1_23' title='bbox 112 484 272 567; x_wconf 80' lang='lat' dir='ltr'>legalium</span> <span class='ocrx_word' id='word_1_24' title='bbox 287 486 427 548; x_wconf 81' lang='lat' dir='ltr'>virorum</span> <span class='ocrx_word' id='word_1_25' title='bbox 448 508 487 549; x_wconf 89' lang='lat' dir='ltr'>ex</span> <span class='ocrx_word' id='word_1_26' title='bbox 509 494 645 571; x_wconf 82' lang='lat' dir='ltr'>utraque</span> <span class='ocrx_word' id='word_1_27' title='bbox 667 494 759 570; x_wconf 86' lang='lat' dir='ltr'>parte</span> <span class='ocrx_word' id='word_1_28' title='bbox 781 488 957 550; x_wconf 88' lang='lat' dir='ltr'>electorum</span> <span class='ocrx_word' id='word_1_29' title='bbox 980 488 1216 551; x_wconf 78' lang='lat' dir='ltr'>racionabiliter</span> 
     </span>
     <span class='ocr_line' id='line_1_5' title="bbox 59 582 1215 667; baseline 0.004 -25"><span class='ocrx_word' id='word_1_30' title='bbox 59 582 239 664; x_wconf 81' lang='lat' dir='ltr'>corrigatur</span> <span class='ocrx_word' id='word_1_31' title='bbox 254 587 291 644; x_wconf 86' lang='lat' dir='ltr'>et</span> <span class='ocrx_word' id='word_1_32' title='bbox 312 582 510 647; x_wconf 85' lang='lat' dir='ltr'>emendetur.</span> <span class='ocrx_word' id='word_1_33' title='bbox 557 584 704 647; x_wconf 87' lang='lat' dir='ltr'>Habend.</span> <span class='ocrx_word' id='word_1_34' title='bbox 721 591 755 647; x_wconf 89' lang='lat' dir='ltr'>et</span> <span class='ocrx_word' id='word_1_35' title='bbox 769 586 899 647; x_wconf 79' lang='lat' dir='ltr'>tenend.</span> <span class='ocrx_word' id='word_1_36' title='bbox 916 586 1077 667; x_wconf 85' lang='lat' dir='ltr'>praedictis</span> <span class='ocrx_word' id='word_1_37' title='bbox 1091 585 1165 648; x_wconf 85' lang='lat' dir='ltr'>abb.</span> <span class='ocrx_word' id='word_1_38' title='bbox 1180 592 1215 648; x_wconf 93' lang='lat' dir='ltr'>et</span> 
     </span>
     <span class='ocr_line' id='line_1_6' title="bbox 60 681 1211 756; baseline 0.004 -17"><span class='ocrx_word' id='word_1_39' title='bbox 60 697 151 740; x_wconf 82' lang='lat' dir='ltr'>conv.</span> <span class='ocrx_word' id='word_1_40' title='bbox 168 684 203 740; x_wconf 85' lang='lat' dir='ltr'>et</span> <span class='ocrx_word' id='word_1_41' title='bbox 227 698 340 741; x_wconf 88' lang='lat' dir='ltr'>eorum</span> <span class='ocrx_word' id='word_1_42' title='bbox 362 681 590 744; x_wconf 80' lang='lat' dir='ltr'>successoribus</span> <span class='ocrx_word' id='word_1_43' title='bbox 612 689 646 744; x_wconf 94' lang='lat' dir='ltr'>et</span> <span class='ocrx_word' id='word_1_44' title='bbox 668 681 852 743; x_wconf 85' lang='lat' dir='ltr'>hominibus</span> <span class='ocrx_word' id='word_1_45' title='bbox 874 682 949 756; x_wconf 84' lang='lat' dir='ltr'>suis,</span> <span class='ocrx_word' id='word_1_46' title='bbox 965 682 1005 744; x_wconf 90' lang='lat' dir='ltr'>de</span> <span class='ocrx_word' id='word_1_47' title='bbox 1027 703 1079 744; x_wconf 89' lang='lat' dir='ltr'>me</span> <span class='ocrx_word' id='word_1_48' title='bbox 1096 683 1211 745; x_wconf 86' lang='lat' dir='ltr'>ether.</span> 
     </span>
     <span class='ocr_line' id='line_1_7' title="bbox 61 774 1210 861; baseline 0.005 -25"><span class='ocrx_word' id='word_1_49' title='bbox 61 777 141 837; x_wconf 81' lang='lat' dir='ltr'>meis</span> <span class='ocrx_word' id='word_1_50' title='bbox 154 774 268 854; x_wconf 87' lang='lat' dir='ltr'>libere,</span> <span class='ocrx_word' id='word_1_51' title='bbox 278 777 398 859; x_wconf 89' lang='lat' dir='ltr'>quiete,</span> <span class='ocrx_word' id='word_1_52' title='bbox 408 776 488 840; x_wconf 91' lang='lat' dir='ltr'>bene</span> <span class='ocrx_word' id='word_1_53' title='bbox 501 784 535 840; x_wconf 90' lang='lat' dir='ltr'>et</span> <span class='ocrx_word' id='word_1_54' title='bbox 550 780 584 840; x_wconf 92' lang='lat' dir='ltr'>in</span> <span class='ocrx_word' id='word_1_55' title='bbox 600 799 689 861; x_wconf 88' lang='lat' dir='ltr'>pace,</span> <span class='ocrx_word' id='word_1_56' title='bbox 705 779 773 841; x_wconf 85' lang='lat' dir='ltr'>sine</span> <span class='ocrx_word' id='word_1_57' title='bbox 784 778 891 860; x_wconf 88' lang='lat' dir='ltr'>aliquo</span> <span class='ocrx_word' id='word_1_58' title='bbox 902 780 1123 860; x_wconf 86' lang='lat' dir='ltr'>inpedimento</span> <span class='ocrx_word' id='word_1_59' title='bbox 1135 782 1210 857; x_wconf 91' lang='lat' dir='ltr'>mei,</span> 
     </span>
     <span class='ocr_line' id='line_1_8' title="bbox 61 870 1211 958; baseline 0.005 -26"><span class='ocrx_word' id='word_1_60' title='bbox 61 870 219 933; x_wconf 88' lang='lat' dir='ltr'>heredum</span> <span class='ocrx_word' id='word_1_61' title='bbox 243 892 299 935; x_wconf 89' lang='lat' dir='ltr'>seu</span> <span class='ocrx_word' id='word_1_62' title='bbox 328 874 563 955; x_wconf 80' lang='lat' dir='ltr'>assignatorum</span> <span class='ocrx_word' id='word_1_63' title='bbox 589 894 732 937; x_wconf 88' lang='lat' dir='ltr'>meorum</span> <span class='ocrx_word' id='word_1_64' title='bbox 764 876 799 936; x_wconf 91' lang='lat' dir='ltr'>in</span> <span class='ocrx_word' id='word_1_65' title='bbox 829 880 1032 956; x_wconf 85' lang='lat' dir='ltr'>perpetuum.</span> <span class='ocrx_word' id='word_1_66' title='bbox 1080 875 1125 937; x_wconf 87' lang='lat' dir='ltr'>Et</span> <span class='ocrx_word' id='word_1_67' title='bbox 1152 896 1211 958; x_wconf 85' lang='lat' dir='ltr'>ego</span> 
     </span>
     <span class='ocr_line' id='line_1_9' title="bbox 61 967 1211 1053; baseline 0.004 -24"><span class='ocrx_word' id='word_1_68' title='bbox 61 967 227 1030; x_wconf 82' lang='lat' dir='ltr'>Johannes</span> <span class='ocrx_word' id='word_1_69' title='bbox 241 969 358 1031; x_wconf 87' lang='lat' dir='ltr'>ether.</span> <span class='ocrx_word' id='word_1_70' title='bbox 374 971 438 1031; x_wconf 94' lang='lat' dir='ltr'>mei</span> <span class='ocrx_word' id='word_1_71' title='bbox 454 973 562 1032; x_wconf 90' lang='lat' dir='ltr'>omnia</span> <span class='ocrx_word' id='word_1_72' title='bbox 577 971 731 1053; x_wconf 70' lang='lat' dir='ltr'>praedicta</span> <span class='ocrx_word' id='word_1_73' title='bbox 746 971 908 1053; x_wconf 77' lang='lat' dir='ltr'>praedietis</span> <span class='ocrx_word' id='word_1_74' title='bbox 923 970 996 1033; x_wconf 86' lang='lat' dir='ltr'>abb.</span> <span class='ocrx_word' id='word_1_75' title='bbox 1012 978 1047 1034; x_wconf 87' lang='lat' dir='ltr'>et</span> <span class='ocrx_word' id='word_1_76' title='bbox 1070 992 1160 1035; x_wconf 87' lang='lat' dir='ltr'>conv.</span> <span class='ocrx_word' id='word_1_77' title='bbox 1176 978 1211 1034; x_wconf 86' lang='lat' dir='ltr'>et</span> 
     </span>
     <span class='ocr_line' id='line_1_10' title="bbox 61 1065 1033 1149; baseline 0.001 -21"><span class='ocrx_word' id='word_1_78' title='bbox 61 1086 175 1128; x_wconf 86' lang='lat' dir='ltr'>eorum</span> <span class='ocrx_word' id='word_1_79' title='bbox 189 1065 419 1129; x_wconf 78' lang='lat' dir='ltr'>suecessoribus</span> <span class='ocrx_word' id='word_1_80' title='bbox 433 1071 472 1128; x_wconf 91' lang='lat' dir='ltr'>ut</span> <span class='ocrx_word' id='word_1_81' title='bbox 485 1067 675 1149; x_wconf 72' lang='lat' dir='ltr'>pradictum</span> <span class='ocrx_word' id='word_1_82' title='bbox 690 1073 740 1129; x_wconf 84' lang='lat' dir='ltr'>est</span> <span class='ocrx_word' id='word_1_83' title='bbox 754 1087 828 1130; x_wconf 86' lang='lat' dir='ltr'>war.</span> <span class='ocrx_word' id='word_1_84' title='bbox 873 1068 1033 1130; x_wconf 76' lang='lat' dir='ltr'>Testibua</span> 
     </span>
    </p>
   </div>
   <div class='ocr_carea' id='block_1_3' title="bbox 60 1257 1389 2308">
    <p class='ocr_par' dir='ltr' id='par_1_3' title="bbox 60 1257 1389 2308">
     <span class='ocr_line' id='line_1_11' title="bbox 126 1257 1324 1341; baseline 0.003 -20"><span class='ocrx_word' id='word_1_85' title='bbox 126 1257 243 1321; x_wconf 80' lang='lat' dir='ltr'>Sciant</span> <span class='ocrx_word' id='word_1_86' title='bbox 257 1276 368 1320; x_wconf 81' lang='lat' dir='ltr'>omues</span> <span class='ocrx_word' id='word_1_87' title='bbox 382 1257 467 1340; x_wconf 92' lang='lat' dir='ltr'>quod</span> <span class='ocrx_word' id='word_1_88' title='bbox 482 1278 542 1341; x_wconf 85' lang='lat' dir='ltr'>ego</span> <span class='ocrx_word' id='word_1_89' title='bbox 557 1257 715 1320; x_wconf 85' lang='lat' dir='ltr'>Robertus</span> <span class='ocrx_word' id='word_1_90' title='bbox 730 1258 770 1320; x_wconf 90' lang='lat' dir='ltr'>de</span> <span class='ocrx_word' id='word_1_91' title='bbox 785 1259 904 1322; x_wconf 86' lang='lat' dir='ltr'>Sancto</span> <span class='ocrx_word' id='word_1_92' title='bbox 917 1260 1014 1323; x_wconf 92' lang='lat' dir='ltr'>Petro</span> <span class='ocrx_word' id='word_1_93' title='bbox 1024 1262 1109 1339; x_wconf 86' lang='lat' dir='ltr'>dedi,</span> <span class='ocrx_word' id='word_1_94' title='bbox 1119 1283 1208 1324; x_wconf 90' lang='lat' dir='ltr'>conc.</span> <span class='ocrx_word' id='word_1_95' title='bbox 1301 1270 1324 1334; x_wconf 88' lang='lat' dir='ltr'>j·</span> 
     </span>
     <span class='ocr_line' id='line_1_12' title="bbox 61 1338 1359 1453; baseline 0.005 -36"><span class='ocrx_word' id='word_1_96' title='bbox 61 1358 94 1417; x_wconf 76' lang='lat' dir='ltr'>et</span> <span class='ocrx_word' id='word_1_97' title='bbox 114 1354 178 1416; x_wconf 75' lang='lat' dir='ltr'>nac</span> <span class='ocrx_word' id='word_1_98' title='bbox 201 1374 292 1436; x_wconf 72' lang='lat' dir='ltr'>pres.</span> <span class='ocrx_word' id='word_1_99' title='bbox 308 1374 373 1417; x_wconf 72' lang='lat' dir='ltr'>oar.</span> <span class='ocrx_word' id='word_1_100' title='bbox 388 1374 460 1416; x_wconf 69' lang='lat' dir='ltr'>mea</span> <span class='ocrx_word' id='word_1_101' title='bbox 482 1354 566 1417; x_wconf 70' lang='lat' dir='ltr'>conf.</span> <span class='ocrx_word' id='word_1_102' title='bbox 589 1354 657 1417; x_wconf 77' lang='lat' dir='ltr'>neo</span> <span class='ocrx_word' id='word_1_103' title='bbox 679 1360 713 1416; x_wconf 78' lang='lat' dir='ltr'>et</span> <span class='ocrx_word' id='word_1_104' title='bbox 737 1355 775 1419; x_wconf 83' lang='lat' dir='ltr'>n.</span> <span class='ocrx_word' id='word_1_105' title='bbox 791 1355 905 1420; x_wconf 72' lang='lat' dir='ltr'>iraeae</span> <span class='ocrx_word' id='word_1_106' title='bbox 927 1363 961 1419; x_wconf 77' lang='lat' dir='ltr'>a</span> <span class='ocrx_word' id='word_1_107' title='bbox 984 1360 1147 1420; x_wconf 69' lang='lat' dir='ltr'>monacho</span> <span class='ocrx_word' id='word_1_108' title='bbox 1170 1360 1210 1422; x_wconf 74' lang='lat' dir='ltr'>ue</span> <span class='ocrx_word' id='word_1_109' title='bbox 1237 1338 1359 1453; x_wconf 43' lang='lat'>33¹3&amp;</span> 
     </span>
     <span class='ocr_line' id='line_1_13' title="bbox 61 1450 1350 1539; baseline 0.004 -25"><span class='ocrx_word' id='word_1_110' title='bbox 61 1452 154 1514; x_wconf 87' lang='lat' dir='ltr'>Novo</span> <span class='ocrx_word' id='word_1_111' title='bbox 168 1450 273 1529; x_wconf 79' lang='lat' dir='ltr'>Mon,</span> <span class='ocrx_word' id='word_1_112' title='bbox 288 1472 346 1534; x_wconf 89' lang='lat' dir='ltr'>pro</span> <span class='ocrx_word' id='word_1_113' title='bbox 362 1452 465 1515; x_wconf 86' lang='lat' dir='ltr'>salute</span> <span class='ocrx_word' id='word_1_114' title='bbox 485 1454 601 1516; x_wconf 85' lang='lat' dir='ltr'>animae</span> <span class='ocrx_word' id='word_1_115' title='bbox 616 1474 706 1529; x_wconf 70' lang='lat' dir='ltr'>mete,</span> <span class='ocrx_word' id='word_1_116' title='bbox 722 1455 757 1515; x_wconf 93' lang='lat' dir='ltr'>in</span> <span class='ocrx_word' id='word_1_117' title='bbox 779 1474 893 1536; x_wconf 86' lang='lat' dir='ltr'>campo</span> <span class='ocrx_word' id='word_1_118' title='bbox 916 1455 956 1517; x_wconf 88' lang='lat' dir='ltr'>de</span> <span class='ocrx_word' id='word_1_119' title='bbox 975 1455 1109 1539; x_wconf 87' lang='lat' dir='ltr'>Berwyk</span> <span class='ocrx_word' id='word_1_120' title='bbox 1133 1478 1208 1519; x_wconf 89' lang='lat' dir='ltr'>cum</span> <span class='ocrx_word' id='word_1_121' title='bbox 1236 1469 1350 1519; x_wconf 75' lang='lat' dir='ltr'>Berwiek</span> 
     </span>
     <span class='ocr_line' id='line_1_14' title="bbox 62 1535 1389 1651; baseline 0.005 -41"><span class='ocrx_word' id='word_1_122' title='bbox 62 1547 213 1611; x_wconf 78' lang='lat' dir='ltr'>omnibus</span> <span class='ocrx_word' id='word_1_123' title='bbox 235 1548 442 1631; x_wconf 81' lang='lat' dir='ltr'>pertinenciis</span> <span class='ocrx_word' id='word_1_124' title='bbox 464 1551 538 1626; x_wconf 81' lang='lat' dir='ltr'>suia,</span> <span class='ocrx_word' id='word_1_125' title='bbox 559 1549 694 1627; x_wconf 87' lang='lat' dir='ltr'>seilicet,</span> <span class='ocrx_word' id='word_1_126' title='bbox 714 1554 819 1612; x_wconf 86' lang='lat' dir='ltr'>totam</span> <span class='ocrx_word' id='word_1_127' title='bbox 842 1557 962 1613; x_wconf 88' lang='lat' dir='ltr'>terram</span> <span class='ocrx_word' id='word_1_128' title='bbox 981 1573 1086 1615; x_wconf 83' lang='lat' dir='ltr'>meam</span> <span class='ocrx_word' id='word_1_129' title='bbox 1115 1554 1210 1640; x_wconf 76' lang='lat' dir='ltr'>(lla)</span> <span class='ocrx_word' id='word_1_130' title='bbox 1236 1535 1389 1651; x_wconf 48' lang='lat' dir='ltr'>diffiido</span> 
     </span>
     <span class='ocr_line' id='line_1_15' title="bbox 63 1643 1211 1728; baseline 0.007 -23"><span class='ocrx_word' id='word_1_131' title='bbox 63 1664 161 1727; x_wconf 84' lang='lat' dir='ltr'>qrram</span> <span class='ocrx_word' id='word_1_132' title='bbox 183 1644 286 1707; x_wconf 82' lang='lat' dir='ltr'>habeo</span> <span class='ocrx_word' id='word_1_133' title='bbox 300 1645 336 1707; x_wconf 94' lang='lat' dir='ltr'>in</span> <span class='ocrx_word' id='word_1_134' title='bbox 359 1643 486 1707; x_wconf 90' lang='lat' dir='ltr'>cultura</span> <span class='ocrx_word' id='word_1_135' title='bbox 500 1666 572 1728; x_wconf 84' lang='lat' dir='ltr'>quae</span> <span class='ocrx_word' id='word_1_136' title='bbox 587 1650 717 1708; x_wconf 84' lang='lat' dir='ltr'>vocatur</span> <span class='ocrx_word' id='word_1_137' title='bbox 740 1645 860 1719; x_wconf 79' lang='lat' dir='ltr'>Rauen,</span> <span class='ocrx_word' id='word_1_138' title='bbox 875 1652 910 1710; x_wconf 90' lang='lat' dir='ltr'>et</span> <span class='ocrx_word' id='word_1_139' title='bbox 932 1668 1029 1709; x_wconf 87' lang='lat' dir='ltr'>unam</span> <span class='ocrx_word' id='word_1_140' title='bbox 1053 1669 1161 1711; x_wconf 85' lang='lat' dir='ltr'>acram</span> <span class='ocrx_word' id='word_1_141' title='bbox 1176 1652 1211 1713; x_wconf 93' lang='lat' dir='ltr'>in</span> 
     </span>
     <span class='ocr_line' id='line_1_16' title="bbox 63 1740 1212 1823; baseline 0.007 -22"><span class='ocrx_word' id='word_1_142' title='bbox 63 1740 230 1822; x_wconf 79' lang='lat' dir='ltr'>Langelei‚</span> <span class='ocrx_word' id='word_1_143' title='bbox 245 1760 343 1822; x_wconf 86' lang='lat' dir='ltr'>qnam</span> <span class='ocrx_word' id='word_1_144' title='bbox 356 1742 462 1823; x_wconf 86' lang='lat' dir='ltr'>recepi</span> <span class='ocrx_word' id='word_1_145' title='bbox 477 1762 497 1804; x_wconf 84' lang='lat' dir='ltr'>a</span> <span class='ocrx_word' id='word_1_146' title='bbox 512 1740 631 1806; x_wconf 82' lang='lat' dir='ltr'>Cecilia</span> <span class='ocrx_word' id='word_1_147' title='bbox 645 1763 751 1805; x_wconf 80' lang='lat' dir='ltr'>sorore</span> <span class='ocrx_word' id='word_1_148' title='bbox 766 1763 838 1806; x_wconf 85' lang='lat' dir='ltr'>mea</span> <span class='ocrx_word' id='word_1_149' title='bbox 853 1744 888 1805; x_wconf 92' lang='lat' dir='ltr'>in</span> <span class='ocrx_word' id='word_1_150' title='bbox 904 1745 1101 1807; x_wconf 85' lang='lat' dir='ltr'>escambium</span> <span class='ocrx_word' id='word_1_151' title='bbox 1117 1747 1212 1809; x_wconf 83' lang='lat' dir='ltr'>unius</span> 
     </span>
     <span class='ocr_line' id='line_1_17' title="bbox 63 1836 1211 1921; baseline 0.005 -22"><span class='ocrx_word' id='word_1_152' title='bbox 63 1856 145 1899; x_wconf 82' lang='lat' dir='ltr'>ncrae</span> <span class='ocrx_word' id='word_1_153' title='bbox 156 1856 252 1919; x_wconf 73' lang='lat' dir='ltr'>nuper</span> <span class='ocrx_word' id='word_1_154' title='bbox 262 1836 491 1915; x_wconf 85' lang='lat' dir='ltr'>Hemedals‚in</span> <span class='ocrx_word' id='word_1_155' title='bbox 503 1858 573 1920; x_wconf 85' lang='lat' dir='ltr'>pur.</span> <span class='ocrx_word' id='word_1_156' title='bbox 589 1843 623 1899; x_wconf 91' lang='lat' dir='ltr'>et</span> <span class='ocrx_word' id='word_1_157' title='bbox 629 1858 717 1921; x_wconf 89' lang='lat' dir='ltr'>perp.</span> <span class='ocrx_word' id='word_1_158' title='bbox 732 1839 785 1916; x_wconf 89' lang='lat' dir='ltr'>el.‚</span> <span class='ocrx_word' id='word_1_159' title='bbox 800 1845 835 1902; x_wconf 88' lang='lat' dir='ltr'>et</span> <span class='ocrx_word' id='word_1_160' title='bbox 843 1838 982 1902; x_wconf 91' lang='lat' dir='ltr'>liberum</span> <span class='ocrx_word' id='word_1_161' title='bbox 994 1840 1041 1903; x_wconf 91' lang='lat' dir='ltr'>ire</span> <span class='ocrx_word' id='word_1_162' title='bbox 1056 1849 1089 1903; x_wconf 90' lang='lat' dir='ltr'>et</span> <span class='ocrx_word' id='word_1_163' title='bbox 1106 1842 1211 1905; x_wconf 88' lang='lat' dir='ltr'>redire</span> 
     </span>
     <span class='ocr_line' id='line_1_18' title="bbox 62 1932 1210 2018; baseline 0.008 -24"><span class='ocrx_word' id='word_1_164' title='bbox 62 1952 137 1995; x_wconf 85' lang='lat' dir='ltr'>eum</span> <span class='ocrx_word' id='word_1_165' title='bbox 152 1932 339 1995; x_wconf 81' lang='lat' dir='ltr'>hominibus</span> <span class='ocrx_word' id='word_1_166' title='bbox 354 1938 388 1995; x_wconf 82' lang='lat' dir='ltr'>et</span> <span class='ocrx_word' id='word_1_167' title='bbox 403 1934 516 1996; x_wconf 87' lang='lat' dir='ltr'>averiis</span> <span class='ocrx_word' id='word_1_168' title='bbox 540 1935 605 1996; x_wconf 82' lang='lat' dir='ltr'>suis</span> <span class='ocrx_word' id='word_1_169' title='bbox 625 1954 724 2017; x_wconf 83' lang='lat' dir='ltr'>usque</span> <span class='ocrx_word' id='word_1_170' title='bbox 743 1935 785 1997; x_wconf 88' lang='lat' dir='ltr'>ad</span> <span class='ocrx_word' id='word_1_171' title='bbox 799 1936 967 2018; x_wconf 80' lang='lat' dir='ltr'>praefatam</span> <span class='ocrx_word' id='word_1_172' title='bbox 984 1941 1115 2015; x_wconf 86' lang='lat' dir='ltr'>terram,</span> <span class='ocrx_word' id='word_1_173' title='bbox 1130 1940 1210 2002; x_wconf 85' lang='lat' dir='ltr'>adeo</span> 
     </span>
     <span class='ocr_line' id='line_1_19' title="bbox 62 2028 1210 2112; baseline 0.006 -21"><span class='ocrx_word' id='word_1_174' title='bbox 62 2028 174 2106; x_wconf 85' lang='lat' dir='ltr'>libere,</span> <span class='ocrx_word' id='word_1_175' title='bbox 189 2030 310 2112; x_wconf 90' lang='lat' dir='ltr'>quiete,</span> <span class='ocrx_word' id='word_1_176' title='bbox 325 2035 360 2093; x_wconf 89' lang='lat' dir='ltr'>et</span> <span class='ocrx_word' id='word_1_177' title='bbox 376 2030 549 2093; x_wconf 88' lang='lat' dir='ltr'>honorifice</span> <span class='ocrx_word' id='word_1_178' title='bbox 563 2031 605 2093; x_wconf 90' lang='lat' dir='ltr'>ab</span> <span class='ocrx_word' id='word_1_179' title='bbox 620 2033 709 2093; x_wconf 94' lang='lat' dir='ltr'>omni</span> <span class='ocrx_word' id='word_1_180' title='bbox 725 2033 857 2095; x_wconf 82' lang='lat' dir='ltr'>servicio</span> <span class='ocrx_word' id='word_1_181' title='bbox 881 2038 915 2096; x_wconf 90' lang='lat' dir='ltr'>et</span> <span class='ocrx_word' id='word_1_182' title='bbox 930 2035 1159 2098; x_wconf 89' lang='lat' dir='ltr'>consuetudine</span> <span class='ocrx_word' id='word_1_183' title='bbox 1175 2042 1210 2099; x_wconf 90' lang='lat' dir='ltr'>et</span> 
     </span>
     <span class='ocr_line' id='line_1_20' title="bbox 60 2125 1210 2210; baseline 0.006 -23"><span class='ocrx_word' id='word_1_184' title='bbox 60 2125 234 2204; x_wconf 84' lang='lat' dir='ltr'>demanda,</span> <span class='ocrx_word' id='word_1_185' title='bbox 257 2127 347 2190; x_wconf 83' lang='lat' dir='ltr'>sicud</span> <span class='ocrx_word' id='word_1_186' title='bbox 372 2126 481 2210; x_wconf 87' lang='lat' dir='ltr'>aliqua</span> <span class='ocrx_word' id='word_1_187' title='bbox 504 2126 546 2190; x_wconf 91' lang='lat' dir='ltr'>el.</span> <span class='ocrx_word' id='word_1_188' title='bbox 575 2131 682 2209; x_wconf 87' lang='lat' dir='ltr'>potest</span> <span class='ocrx_word' id='word_1_189' title='bbox 706 2127 840 2191; x_wconf 81' lang='lat' dir='ltr'>liberius</span> <span class='ocrx_word' id='word_1_190' title='bbox 864 2136 898 2191; x_wconf 93' lang='lat' dir='ltr'>et</span> <span class='ocrx_word' id='word_1_191' title='bbox 922 2130 1036 2192; x_wconf 86' lang='lat' dir='ltr'>melius</span> <span class='ocrx_word' id='word_1_192' title='bbox 1062 2132 1132 2194; x_wconf 87' lang='lat' dir='ltr'>dari</span> <span class='ocrx_word' id='word_1_193' title='bbox 1158 2133 1210 2196; x_wconf 86' lang='lat' dir='ltr'>vel</span> 
     </span>
     <span class='ocr_line' id='line_1_21' title="bbox 60 2221 1210 2308; baseline 0.007 -25"><span class='ocrx_word' id='word_1_194' title='bbox 60 2222 176 2284; x_wconf 89' lang='lat' dir='ltr'>teneri.</span> <span class='ocrx_word' id='word_1_195' title='bbox 222 2221 268 2283; x_wconf 89' lang='lat' dir='ltr'>Et</span> <span class='ocrx_word' id='word_1_196' title='bbox 283 2240 342 2304; x_wconf 83' lang='lat' dir='ltr'>ego</span> <span class='ocrx_word' id='word_1_197' title='bbox 351 2221 510 2285; x_wconf 84' lang='lat' dir='ltr'>Robertus</span> <span class='ocrx_word' id='word_1_198' title='bbox 519 2226 553 2284; x_wconf 90' lang='lat' dir='ltr'>et</span> <span class='ocrx_word' id='word_1_199' title='bbox 568 2222 636 2284; x_wconf 88' lang='lat' dir='ltr'>her.</span> <span class='ocrx_word' id='word_1_200' title='bbox 647 2222 711 2284; x_wconf 90' lang='lat' dir='ltr'>mei</span> <span class='ocrx_word' id='word_1_201' title='bbox 722 2243 795 2285; x_wconf 87' lang='lat' dir='ltr'>war.</span> <span class='ocrx_word' id='word_1_202' title='bbox 808 2225 971 2306; x_wconf 83' lang='lat' dir='ltr'>praedietis</span> <span class='ocrx_word' id='word_1_203' title='bbox 986 2245 1072 2290; x_wconf 86' lang='lat' dir='ltr'>mon.</span> <span class='ocrx_word' id='word_1_204' title='bbox 1089 2246 1210 2308; x_wconf 86' lang='lat' dir='ltr'>praeno·</span> 
     </span>
    </p>
   </div>
   <div class='ocr_carea' id='block_1_4' title="bbox 61 2318 444 2394">
    <p class='ocr_par' dir='ltr' id='par_1_4' title="bbox 61 2318 444 2394">
     <span class='ocr_line' id='line_1_22' title="bbox 61 2318 444 2394; baseline 0.003 -13"><span class='ocrx_word' id='word_1_205' title='bbox 61 2318 222 2381; x_wconf 84' lang='lat' dir='ltr'>minatam</span> <span class='ocrx_word' id='word_1_206' title='bbox 237 2324 366 2394; x_wconf 88' lang='lat' dir='ltr'>terram,</span> <span class='ocrx_word' id='word_1_207' title='bbox 381 2324 444 2382; x_wconf 88' lang='lat' dir='ltr'>etc.</span> 
     </span>
    </p>
   </div>
   <div class='ocr_carea' id='block_1_5' title="bbox 58 2509 1358 3262">
    <p class='ocr_par' dir='ltr' id='par_1_5' title="bbox 58 2509 1358 3262">
     <span class='ocr_line' id='line_1_23' title="bbox 128 2509 1329 2593; baseline 0.006 -22"><span class='ocrx_word' id='word_1_208' title='bbox 128 2509 316 2573; x_wconf 82' lang='lat' dir='ltr'>Willelmus</span> <span class='ocrx_word' id='word_1_209' title='bbox 339 2510 477 2574; x_wconf 82' lang='lat' dir='ltr'>Frebem</span> <span class='ocrx_word' id='word_1_210' title='bbox 501 2518 536 2574; x_wconf 90' lang='lat' dir='ltr'>et</span> <span class='ocrx_word' id='word_1_211' title='bbox 560 2511 681 2576; x_wconf 83' lang='lat' dir='ltr'>Cecilia</span> <span class='ocrx_word' id='word_1_212' title='bbox 700 2531 780 2573; x_wconf 88' lang='lat' dir='ltr'>uxor</span> <span class='ocrx_word' id='word_1_213' title='bbox 801 2533 867 2589; x_wconf 86' lang='lat' dir='ltr'>sua,</span> <span class='ocrx_word' id='word_1_214' title='bbox 883 2513 1032 2577; x_wconf 80' lang='lat' dir='ltr'>salutem.</span> <span class='ocrx_word' id='word_1_215' title='bbox 1077 2516 1211 2580; x_wconf 79' lang='lat' dir='ltr'>Noverit</span> <span class='ocrx_word' id='word_1_216' title='bbox 1298 2526 1329 2593; x_wconf 90' lang='lat' dir='ltr'>ij·</span> 
     </span>
     <span class='ocr_line' id='line_1_24' title="bbox 62 2595 1358 2711; baseline 0.003 -40"><span class='ocrx_word' id='word_1_217' title='bbox 62 2609 255 2671; x_wconf 79' lang='lat' dir='ltr'>rmiversitas</span> <span class='ocrx_word' id='word_1_218' title='bbox 264 2614 369 2671; x_wconf 81' lang='lat' dir='ltr'>vestra</span> <span class='ocrx_word' id='word_1_219' title='bbox 383 2628 440 2670; x_wconf 83' lang='lat' dir='ltr'>nos</span> <span class='ocrx_word' id='word_1_220' title='bbox 454 2629 512 2692; x_wconf 91' lang='lat' dir='ltr'>pro</span> <span class='ocrx_word' id='word_1_221' title='bbox 526 2629 635 2672; x_wconf 86' lang='lat' dir='ltr'>amore</span> <span class='ocrx_word' id='word_1_222' title='bbox 650 2608 711 2671; x_wconf 88' lang='lat' dir='ltr'>Dei</span> <span class='ocrx_word' id='word_1_223' title='bbox 727 2615 762 2671; x_wconf 88' lang='lat' dir='ltr'>et</span> <span class='ocrx_word' id='word_1_224' title='bbox 776 2609 879 2672; x_wconf 83' lang='lat' dir='ltr'>salute</span> <span class='ocrx_word' id='word_1_225' title='bbox 893 2613 1073 2674; x_wconf 84' lang='lat' dir='ltr'>animarum</span> <span class='ocrx_word' id='word_1_226' title='bbox 1088 2619 1211 2676; x_wconf 87' lang='lat' dir='ltr'>nostra·</span> <span class='ocrx_word' id='word_1_227' title='bbox 1235 2595 1358 2711; x_wconf 52' lang='lat' dir='ltr'>ssffifssff</span> 
     </span>
     <span class='ocr_line' id='line_1_25' title="bbox 62 2704 1358 2786; baseline 0.005 -17"><span class='ocrx_word' id='word_1_228' title='bbox 62 2726 135 2769; x_wconf 90' lang='lat' dir='ltr'>rum</span> <span class='ocrx_word' id='word_1_229' title='bbox 157 2711 193 2768; x_wconf 88' lang='lat' dir='ltr'>et</span> <span class='ocrx_word' id='word_1_230' title='bbox 215 2704 332 2767; x_wconf 78' lang='lat' dir='ltr'>benet</span> <span class='ocrx_word' id='word_1_231' title='bbox 353 2710 457 2768; x_wconf 81' lang='lat' dir='ltr'>antee.</span> <span class='ocrx_word' id='word_1_232' title='bbox 472 2709 506 2767; x_wconf 90' lang='lat' dir='ltr'>et</span> <span class='ocrx_word' id='word_1_233' title='bbox 528 2706 673 2768; x_wconf 91' lang='lat' dir='ltr'>omnium</span> <span class='ocrx_word' id='word_1_234' title='bbox 695 2706 883 2783; x_wconf 87' lang='lat' dir='ltr'>amicorum,</span> <span class='ocrx_word' id='word_1_235' title='bbox 899 2707 971 2770; x_wconf 91' lang='lat' dir='ltr'>ded.</span> <span class='ocrx_word' id='word_1_236' title='bbox 988 2728 1077 2770; x_wconf 85' lang='lat' dir='ltr'>cone.</span> <span class='ocrx_word' id='word_1_237' title='bbox 1092 2715 1127 2772; x_wconf 88' lang='lat' dir='ltr'>et</span> <span class='ocrx_word' id='word_1_238' title='bbox 1148 2712 1209 2773; x_wconf 88' lang='lat' dir='ltr'>hac</span> <span class='ocrx_word' id='word_1_239' title='bbox 1236 2727 1358 2786; x_wconf 65' lang='lat' dir='ltr'>norwich,</span> 
     </span>
     <span class='ocr_line' id='line_1_26' title="bbox 60 2793 1349 2908; baseline 0.005 -44"><span class='ocrx_word' id='word_1_240' title='bbox 60 2821 153 2884; x_wconf 73' lang='lat' dir='ltr'>prees.</span> <span class='ocrx_word' id='word_1_241' title='bbox 170 2820 233 2863; x_wconf 85' lang='lat' dir='ltr'>car.</span> <span class='ocrx_word' id='word_1_242' title='bbox 249 2800 457 2863; x_wconf 76' lang='lat' dir='ltr'>nontraconf.</span> <span class='ocrx_word' id='word_1_243' title='bbox 472 2800 589 2864; x_wconf 85' lang='lat' dir='ltr'>Decet</span> <span class='ocrx_word' id='word_1_244' title='bbox 606 2801 645 2864; x_wconf 90' lang='lat' dir='ltr'>B.</span> <span class='ocrx_word' id='word_1_245' title='bbox 661 2801 775 2864; x_wconf 69' lang='lat' dir='ltr'>Mariae</span> <span class='ocrx_word' id='word_1_246' title='bbox 789 2802 874 2864; x_wconf 91' lang='lat' dir='ltr'>Novi</span> <span class='ocrx_word' id='word_1_247' title='bbox 889 2802 980 2867; x_wconf 87' lang='lat' dir='ltr'>Mon.</span> <span class='ocrx_word' id='word_1_248' title='bbox 996 2809 1031 2867; x_wconf 88' lang='lat' dir='ltr'>et</span> <span class='ocrx_word' id='word_1_249' title='bbox 1046 2809 1209 2870; x_wconf 86' lang='lat' dir='ltr'>monachis</span> <span class='ocrx_word' id='word_1_250' title='bbox 1236 2795 1269 2908; x_wconf 54' lang='grc' dir='ltr'>ξ]</span> <span class='ocrx_word' id='word_1_251' title='bbox 1281 2793 1349 2908; x_wconf 53' lang='lat' dir='ltr'>ffffl·</span> 
     </span>
     <span class='ocr_line' id='line_1_27' title="bbox 59 2874 1354 2984; baseline 0.006 -27"><span class='ocrx_word' id='word_1_252' title='bbox 59 2895 182 2958; x_wconf 84' lang='lat' dir='ltr'>ibidem</span> <span class='ocrx_word' id='word_1_253' title='bbox 194 2895 263 2958; x_wconf 86' lang='lat' dir='ltr'>Deo</span> <span class='ocrx_word' id='word_1_254' title='bbox 274 2895 483 2958; x_wconf 81' lang='lat' dir='ltr'>servientibus</span> <span class='ocrx_word' id='word_1_255' title='bbox 492 2918 591 2958; x_wconf 87' lang='lat' dir='ltr'>unam</span> <span class='ocrx_word' id='word_1_256' title='bbox 602 2917 709 2958; x_wconf 86' lang='lat' dir='ltr'>acram</span> <span class='ocrx_word' id='word_1_257' title='bbox 720 2903 813 2959; x_wconf 85' lang='lat' dir='ltr'>terrae</span> <span class='ocrx_word' id='word_1_258' title='bbox 828 2899 861 2959; x_wconf 94' lang='lat' dir='ltr'>in</span> <span class='ocrx_word' id='word_1_259' title='bbox 877 2918 991 2981; x_wconf 86' lang='lat' dir='ltr'>campo</span> <span class='ocrx_word' id='word_1_260' title='bbox 1006 2900 1045 2963; x_wconf 89' lang='lat' dir='ltr'>de</span> <span class='ocrx_word' id='word_1_261' title='bbox 1058 2901 1211 2984; x_wconf 80' lang='lat' dir='ltr'>Berwylre</span> <span class='ocrx_word' id='word_1_262' title='bbox 1258 2876 1283 2908; x_wconf 81' lang='lat' dir='ltr'>re</span> <span class='ocrx_word' id='word_1_263' title='bbox 1302 2874 1354 2908; x_wconf 75' lang='lat' dir='ltr'>ern.</span> 
     </span>
     <span class='ocr_line' id='line_1_28' title="bbox 58 2991 1211 3080; baseline 0.007 -27"><span class='ocrx_word' id='word_1_264' title='bbox 58 2993 94 3054; x_wconf 89' lang='lat' dir='ltr'>in</span> <span class='ocrx_word' id='word_1_265' title='bbox 118 2991 299 3075; x_wconf 81' lang='lat' dir='ltr'>Langeleye</span> <span class='ocrx_word' id='word_1_266' title='bbox 321 2993 498 3073; x_wconf 85' lang='lat' dir='ltr'>proximam</span> <span class='ocrx_word' id='word_1_267' title='bbox 520 2992 630 3055; x_wconf 81' lang='lat' dir='ltr'>divisis</span> <span class='ocrx_word' id='word_1_268' title='bbox 653 2993 692 3055; x_wconf 89' lang='lat' dir='ltr'>de</span> <span class='ocrx_word' id='word_1_269' title='bbox 714 2992 850 3069; x_wconf 90' lang='lat' dir='ltr'>Horton,</span> <span class='ocrx_word' id='word_1_270' title='bbox 865 2995 900 3055; x_wconf 92' lang='lat' dir='ltr'>in</span> <span class='ocrx_word' id='word_1_271' title='bbox 922 3015 992 3077; x_wconf 83' lang='lat' dir='ltr'>pm.</span> <span class='ocrx_word' id='word_1_272' title='bbox 1009 3000 1044 3058; x_wconf 89' lang='lat' dir='ltr'>et</span> <span class='ocrx_word' id='word_1_273' title='bbox 1065 3018 1154 3080; x_wconf 85' lang='lat' dir='ltr'>perp.</span> <span class='ocrx_word' id='word_1_274' title='bbox 1170 2999 1211 3062; x_wconf 89' lang='lat' dir='ltr'>el.</span> 
     </span>
     <span class='ocr_line' id='line_1_29' title="bbox 59 3086 1211 3171; baseline 0.005 -22"><span class='ocrx_word' id='word_1_275' title='bbox 59 3087 236 3150; x_wconf 80' lang='lat' dir='ltr'>tenendam</span> <span class='ocrx_word' id='word_1_276' title='bbox 259 3088 299 3150; x_wconf 90' lang='lat' dir='ltr'>de</span> <span class='ocrx_word' id='word_1_277' title='bbox 321 3087 413 3150; x_wconf 88' lang='lat' dir='ltr'>nobis</span> <span class='ocrx_word' id='word_1_278' title='bbox 434 3086 469 3150; x_wconf 83' lang='lat' dir='ltr'>et</span> <span class='ocrx_word' id='word_1_279' title='bbox 491 3087 558 3150; x_wconf 89' lang='lat' dir='ltr'>her.</span> <span class='ocrx_word' id='word_1_280' title='bbox 582 3090 711 3164; x_wconf 83' lang='lat' dir='ltr'>nostris,</span> <span class='ocrx_word' id='word_1_281' title='bbox 727 3088 836 3166; x_wconf 88' lang='lat' dir='ltr'>libere,</span> <span class='ocrx_word' id='word_1_282' title='bbox 852 3092 971 3171; x_wconf 88' lang='lat' dir='ltr'>quiete,</span> <span class='ocrx_word' id='word_1_283' title='bbox 987 3098 1020 3153; x_wconf 88' lang='lat' dir='ltr'>et</span> <span class='ocrx_word' id='word_1_284' title='bbox 1043 3093 1146 3154; x_wconf 84' lang='lat' dir='ltr'>solute</span> <span class='ocrx_word' id='word_1_285' title='bbox 1169 3094 1211 3156; x_wconf 86' lang='lat' dir='ltr'>ab</span> 
     </span>
     <span class='ocr_line' id='line_1_30' title="bbox 60 3181 1210 3262; baseline 0.005 -17"><span class='ocrx_word' id='word_1_286' title='bbox 60 3181 211 3245; x_wconf 80' lang='lat' dir='ltr'>omnibus</span> <span class='ocrx_word' id='word_1_287' title='bbox 222 3183 375 3261; x_wconf 80' lang='lat' dir='ltr'>serviciis,</span> <span class='ocrx_word' id='word_1_288' title='bbox 383 3183 680 3262; x_wconf 80' lang='lat' dir='ltr'>consuetudinibus,</span> <span class='ocrx_word' id='word_1_289' title='bbox 692 3185 922 3249; x_wconf 81' lang='lat' dir='ltr'>exaccionibus.</span> <span class='ocrx_word' id='word_1_290' title='bbox 968 3187 1014 3248; x_wconf 89' lang='lat' dir='ltr'>Et</span> <span class='ocrx_word' id='word_1_291' title='bbox 1028 3208 1086 3250; x_wconf 84' lang='lat' dir='ltr'>nos</span> <span class='ocrx_word' id='word_1_292' title='bbox 1102 3189 1210 3252; x_wconf 88' lang='lat' dir='ltr'>ether.</span> 
     </span>
    </p>
   </div>
   <div class='ocr_carea' id='block_1_6' title="bbox 60 3278 604 3361">
    <p class='ocr_par' dir='ltr' id='par_1_6' title="bbox 60 3278 604 3361">
     <span class='ocr_line' id='line_1_31' title="bbox 60 3278 604 3361; baseline 0.002 -20"><span class='ocrx_word' id='word_1_293' title='bbox 60 3278 165 3341; x_wconf 84' lang='lat' dir='ltr'>nostri</span> <span class='ocrx_word' id='word_1_294' title='bbox 179 3298 253 3340; x_wconf 84' lang='lat' dir='ltr'>war.</span> <span class='ocrx_word' id='word_1_295' title='bbox 269 3278 459 3361; x_wconf 80' lang='lat' dir='ltr'>praedictam</span> <span class='ocrx_word' id='word_1_296' title='bbox 473 3285 604 3342; x_wconf 80' lang='lat' dir='ltr'>terram.</span> 
     </span>
    </p>
   </div>
   <div class='ocr_carea' id='block_1_7' title="bbox 60 3470 1391 4324">
    <p class='ocr_par' dir='ltr' id='par_1_7' title="bbox 60 3470 1391 4324">
     <span class='ocr_line' id='line_1_32' title="bbox 128 3470 1327 3553; baseline 0.003 -19"><span class='ocrx_word' id='word_1_297' title='bbox 128 3470 255 3550; x_wconf 79' lang='lat' dir='ltr'>Sciant,</span> <span class='ocrx_word' id='word_1_298' title='bbox 263 3474 328 3534; x_wconf 86' lang='lat' dir='ltr'>etc.</span> <span class='ocrx_word' id='word_1_299' title='bbox 340 3471 424 3553; x_wconf 91' lang='lat' dir='ltr'>quod</span> <span class='ocrx_word' id='word_1_300' title='bbox 436 3491 496 3553; x_wconf 85' lang='lat' dir='ltr'>ego</span> <span class='ocrx_word' id='word_1_301' title='bbox 507 3472 690 3534; x_wconf 83' lang='lat' dir='ltr'>Willelmus</span> <span class='ocrx_word' id='word_1_302' title='bbox 699 3471 739 3534; x_wconf 88' lang='lat' dir='ltr'>de</span> <span class='ocrx_word' id='word_1_303' title='bbox 751 3470 869 3535; x_wconf 85' lang='lat' dir='ltr'>Sancto</span> <span class='ocrx_word' id='word_1_304' title='bbox 885 3474 982 3537; x_wconf 90' lang='lat' dir='ltr'>Petro</span> <span class='ocrx_word' id='word_1_305' title='bbox 994 3476 1069 3539; x_wconf 88' lang='lat' dir='ltr'>dedi</span> <span class='ocrx_word' id='word_1_306' title='bbox 1078 3483 1112 3539; x_wconf 90' lang='lat' dir='ltr'>ct</span> <span class='ocrx_word' id='word_1_307' title='bbox 1123 3499 1212 3542; x_wconf 89' lang='lat' dir='ltr'>conc.</span> <span class='ocrx_word' id='word_1_308' title='bbox 1298 3471 1327 3538; x_wconf 71' lang='lat' dir='ltr'>iij</span> 
     </span>
     <span class='ocr_line' id='line_1_33' title="bbox 60 3541 1391 3658; baseline 0.006 -29"><span class='ocrx_word' id='word_1_309' title='bbox 60 3570 95 3630; x_wconf 80' lang='lat' dir='ltr'>et</span> <span class='ocrx_word' id='word_1_310' title='bbox 108 3566 172 3629; x_wconf 84' lang='lat' dir='ltr'>hac</span> <span class='ocrx_word' id='word_1_311' title='bbox 182 3567 396 3651; x_wconf 89' lang='lat' dir='ltr'>p.c.m.conf.</span> <span class='ocrx_word' id='word_1_312' title='bbox 409 3566 520 3630; x_wconf 90' lang='lat' dir='ltr'>Decet</span> <span class='ocrx_word' id='word_1_313' title='bbox 531 3568 564 3630; x_wconf 86' lang='lat' dir='ltr'>S.</span> <span class='ocrx_word' id='word_1_314' title='bbox 577 3568 625 3630; x_wconf 90' lang='lat' dir='ltr'>M.</span> <span class='ocrx_word' id='word_1_315' title='bbox 638 3572 672 3629; x_wconf 89' lang='lat' dir='ltr'>et</span> <span class='ocrx_word' id='word_1_316' title='bbox 683 3588 746 3630; x_wconf 87' lang='lat' dir='ltr'>mc.</span> <span class='ocrx_word' id='word_1_317' title='bbox 757 3567 797 3630; x_wconf 88' lang='lat' dir='ltr'>de</span> <span class='ocrx_word' id='word_1_318' title='bbox 811 3569 843 3630; x_wconf 88' lang='lat' dir='ltr'>N</span> <span class='ocrx_word' id='word_1_319' title='bbox 844 3591 903 3631; x_wconf 92' lang='lat' dir='ltr'>ovo</span> <span class='ocrx_word' id='word_1_320' title='bbox 919 3570 1009 3633; x_wconf 89' lang='lat' dir='ltr'>Mon.</span> <span class='ocrx_word' id='word_1_321' title='bbox 1019 3594 1077 3654; x_wconf 91' lang='lat' dir='ltr'>pro</span> <span class='ocrx_word' id='word_1_322' title='bbox 1093 3573 1148 3636; x_wconf 83' lang='lat' dir='ltr'>sal.</span> <span class='ocrx_word' id='word_1_323' title='bbox 1159 3595 1210 3637; x_wconf 88' lang='lat' dir='ltr'>an.</span> <span class='ocrx_word' id='word_1_324' title='bbox 1237 3541 1391 3658; x_wconf 39' lang='lat' dir='ltr'>2232?chss</span> 
     </span>
     <span class='ocr_line' id='line_1_34' title="bbox 60 3663 1322 3751; baseline 0.004 -26"><span class='ocrx_word' id='word_1_325' title='bbox 60 3682 141 3727; x_wconf 74' lang='lat' dir='ltr'>mere</span> <span class='ocrx_word' id='word_1_326' title='bbox 155 3670 191 3726; x_wconf 87' lang='lat' dir='ltr'>et-</span> <span class='ocrx_word' id='word_1_327' title='bbox 215 3669 370 3725; x_wconf 83' lang='lat' dir='ltr'>antecess.</span> <span class='ocrx_word' id='word_1_328' title='bbox 395 3668 429 3725; x_wconf 89' lang='lat' dir='ltr'>et</span> <span class='ocrx_word' id='word_1_329' title='bbox 450 3664 518 3727; x_wconf 88' lang='lat' dir='ltr'>her.</span> <span class='ocrx_word' id='word_1_330' title='bbox 533 3684 578 3726; x_wconf 92' lang='lat' dir='ltr'>m.</span> <span class='ocrx_word' id='word_1_331' title='bbox 594 3664 630 3725; x_wconf 91' lang='lat' dir='ltr'>in</span> <span class='ocrx_word' id='word_1_332' title='bbox 653 3684 724 3746; x_wconf 88' lang='lat' dir='ltr'>pur.</span> <span class='ocrx_word' id='word_1_333' title='bbox 741 3663 959 3741; x_wconf 80' lang='lat' dir='ltr'>elemosinam,</span> <span class='ocrx_word' id='word_1_334' title='bbox 982 3688 1056 3729; x_wconf 93' lang='lat' dir='ltr'>cum</span> <span class='ocrx_word' id='word_1_335' title='bbox 1080 3689 1211 3751; x_wconf 91' lang='lat' dir='ltr'>corpore</span> <span class='ocrx_word' id='word_1_336' title='bbox 1239 3672 1322 3722; x_wconf 79' lang='lat' dir='ltr'>Petro</span> 
     </span>
     <span class='ocr_line' id='line_1_35' title="bbox 62 3758 1213 3844; baseline 0.006 -23"><span class='ocrx_word' id='word_1_337' title='bbox 62 3778 144 3836; x_wconf 85' lang='lat' dir='ltr'>meo,</span> <span class='ocrx_word' id='word_1_338' title='bbox 159 3764 267 3823; x_wconf 90' lang='lat' dir='ltr'>totam</span> <span class='ocrx_word' id='word_1_339' title='bbox 289 3758 382 3820; x_wconf 89' lang='lat' dir='ltr'>illam</span> <span class='ocrx_word' id='word_1_340' title='bbox 405 3759 568 3821; x_wconf 85' lang='lat' dir='ltr'>culturam</span> <span class='ocrx_word' id='word_1_341' title='bbox 592 3760 627 3820; x_wconf 92' lang='lat' dir='ltr'>in</span> <span class='ocrx_word' id='word_1_342' title='bbox 642 3779 756 3841; x_wconf 87' lang='lat' dir='ltr'>campo</span> <span class='ocrx_word' id='word_1_343' title='bbox 779 3760 819 3821; x_wconf 95' lang='lat' dir='ltr'>de</span> <span class='ocrx_word' id='word_1_344' title='bbox 842 3760 979 3839; x_wconf 86' lang='lat' dir='ltr'>Bcrwik‚</span> <span class='ocrx_word' id='word_1_345' title='bbox 995 3783 1065 3844; x_wconf 84' lang='lat' dir='ltr'>quae</span> <span class='ocrx_word' id='word_1_346' title='bbox 1082 3771 1213 3828; x_wconf 85' lang='lat' dir='ltr'>vocatur</span> 
     </span>
     <span class='ocr_line' id='line_1_36' title="bbox 62 3854 1213 3941; baseline 0.005 -23"><span class='ocrx_word' id='word_1_347' title='bbox 62 3854 209 3940; x_wconf 78' lang='lat' dir='ltr'>Derhng,</span> <span class='ocrx_word' id='word_1_348' title='bbox 218 3875 296 3918; x_wconf 90' lang='lat' dir='ltr'>cum</span> <span class='ocrx_word' id='word_1_349' title='bbox 305 3854 455 3917; x_wconf 87' lang='lat' dir='ltr'>omnibus</span> <span class='ocrx_word' id='word_1_350' title='bbox 466 3855 676 3938; x_wconf 86' lang='lat' dir='ltr'>pertinenciis</span> <span class='ocrx_word' id='word_1_351' title='bbox 686 3857 761 3931; x_wconf 84' lang='lat' dir='ltr'>suis,</span> <span class='ocrx_word' id='word_1_352' title='bbox 774 3856 842 3917; x_wconf 86' lang='lat' dir='ltr'>sine</span> <span class='ocrx_word' id='word_1_353' title='bbox 857 3856 967 3938; x_wconf 82' lang='lat' dir='ltr'>aliquo</span> <span class='ocrx_word' id='word_1_354' title='bbox 981 3864 1213 3941; x_wconf 88' lang='lat' dir='ltr'>retenemento,</span> 
     </span>
     <span class='ocr_line' id='line_1_37' title="bbox 62 3952 1214 4041; baseline 0.005 -26"><span class='ocrx_word' id='word_1_355' title='bbox 62 3972 132 4034; x_wconf 78' lang='lat' dir='ltr'>quae</span> <span class='ocrx_word' id='word_1_356' title='bbox 161 3974 196 4016; x_wconf 81' lang='lat' dir='ltr'>se</span> <span class='ocrx_word' id='word_1_357' title='bbox 218 3953 368 4016; x_wconf 86' lang='lat' dir='ltr'>extendit</span> <span class='ocrx_word' id='word_1_358' title='bbox 393 3971 501 4013; x_wconf 81' lang='lat' dir='ltr'>versus</span> <span class='ocrx_word' id='word_1_359' title='bbox 528 3953 687 4014; x_wconf 86' lang='lat' dir='ltr'>orientem</span> <span class='ocrx_word' id='word_1_360' title='bbox 715 3972 814 4033; x_wconf 86' lang='lat' dir='ltr'>usque</span> <span class='ocrx_word' id='word_1_361' title='bbox 841 3953 877 4014; x_wconf 93' lang='lat' dir='ltr'>in</span> <span class='ocrx_word' id='word_1_362' title='bbox 908 3952 938 4015; x_wconf 90' lang='lat' dir='ltr'>le</span> <span class='ocrx_word' id='word_1_363' title='bbox 962 3955 1135 4036; x_wconf 87' lang='lat' dir='ltr'>Turnlech,</span> <span class='ocrx_word' id='word_1_364' title='bbox 1157 3980 1214 4041; x_wconf 88' lang='lat' dir='ltr'>per</span> 
     </span>
     <span class='ocr_line' id='line_1_38' title="bbox 61 4046 1377 4145; baseline 0.007 -36"><span class='ocrx_word' id='word_1_365' title='bbox 61 4046 202 4111; x_wconf 81' lang='lat' dir='ltr'>eiketum</span> <span class='ocrx_word' id='word_1_366' title='bbox 215 4069 326 4111; x_wconf 75' lang='lat' dir='ltr'>versus</span> <span class='ocrx_word' id='word_1_367' title='bbox 337 4046 535 4111; x_wconf 84' lang='lat' dir='ltr'>occidentem</span> <span class='ocrx_word' id='word_1_368' title='bbox 545 4049 698 4130; x_wconf 87' lang='lat' dir='ltr'>usquead</span> <span class='ocrx_word' id='word_1_369' title='bbox 714 4048 856 4131; x_wconf 85' lang='lat' dir='ltr'>lapidem</span> <span class='ocrx_word' id='word_1_370' title='bbox 868 4050 924 4130; x_wconf 90' lang='lat' dir='ltr'>qui</span> <span class='ocrx_word' id='word_1_371' title='bbox 940 4057 988 4113; x_wconf 82' lang='lat' dir='ltr'>est</span> <span class='ocrx_word' id='word_1_372' title='bbox 1004 4052 1038 4114; x_wconf 91' lang='lat' dir='ltr'>in</span> <span class='ocrx_word' id='word_1_373' title='bbox 1054 4053 1170 4131; x_wconf 68' lang='lat' dir='ltr'>sikero,</span> <span class='ocrx_word' id='word_1_374' title='bbox 1181 4062 1214 4118; x_wconf 87' lang='lat' dir='ltr'>et</span> <span class='ocrx_word' id='word_1_375' title='bbox 1242 4061 1377 4145; x_wconf 60' lang='lat' dir='ltr'>hermem</span> 
     </span>
     <span class='ocr_line' id='line_1_39' title="bbox 64 4128 1338 4232; baseline 0.007 -28"><span class='ocrx_word' id='word_1_376' title='bbox 64 4143 136 4207; x_wconf 90' lang='lat' dir='ltr'>inde</span> <span class='ocrx_word' id='word_1_377' title='bbox 157 4146 283 4208; x_wconf 84' lang='lat' dir='ltr'>directe</span> <span class='ocrx_word' id='word_1_378' title='bbox 299 4164 408 4206; x_wconf 87' lang='lat' dir='ltr'>versus</span> <span class='ocrx_word' id='word_1_379' title='bbox 424 4142 454 4205; x_wconf 93' lang='lat' dir='ltr'>le</span> <span class='ocrx_word' id='word_1_380' title='bbox 468 4145 564 4207; x_wconf 86' lang='lat' dir='ltr'>north</span> <span class='ocrx_word' id='word_1_381' title='bbox 587 4166 686 4227; x_wconf 82' lang='lat' dir='ltr'>usquc</span> <span class='ocrx_word' id='word_1_382' title='bbox 702 4145 744 4206; x_wconf 90' lang='lat' dir='ltr'>ad</span> <span class='ocrx_word' id='word_1_383' title='bbox 766 4146 866 4206; x_wconf 87' lang='lat' dir='ltr'>alium</span> <span class='ocrx_word' id='word_1_384' title='bbox 883 4166 1037 4225; x_wconf 78' lang='lat' dir='ltr'>magnum</span> <span class='ocrx_word' id='word_1_385' title='bbox 1062 4150 1215 4232; x_wconf 90' lang='lat' dir='ltr'>lapidem,</span> <span class='ocrx_word' id='word_1_386' title='bbox 1242 4128 1338 4179; x_wconf 49' lang='lat' dir='ltr'>*W*</span> 
     </span>
     <span class='ocr_line' id='line_1_40' title="bbox 63 4240 1216 4324; baseline 0.008 -23"><span class='ocrx_word' id='word_1_387' title='bbox 63 4246 95 4303; x_wconf 83' lang='lat' dir='ltr'>et</span> <span class='ocrx_word' id='word_1_388' title='bbox 110 4241 187 4305; x_wconf 88' lang='lat' dir='ltr'>inde</span> <span class='ocrx_word' id='word_1_389' title='bbox 203 4242 330 4305; x_wconf 85' lang='lat' dir='ltr'>directe</span> <span class='ocrx_word' id='word_1_390' title='bbox 346 4260 454 4303; x_wconf 82' lang='lat' dir='ltr'>versus</span> <span class='ocrx_word' id='word_1_391' title='bbox 469 4240 672 4303; x_wconf 88' lang='lat' dir='ltr'>occidentem</span> <span class='ocrx_word' id='word_1_392' title='bbox 688 4241 840 4322; x_wconf 85' lang='lat' dir='ltr'>usquead</span> <span class='ocrx_word' id='word_1_393' title='bbox 864 4241 1001 4324; x_wconf 86' lang='lat' dir='ltr'>lapidem</span> <span class='ocrx_word' id='word_1_394' title='bbox 1018 4249 1166 4324; x_wconf 88' lang='lat' dir='ltr'>tercium,</span> <span class='ocrx_word' id='word_1_395' title='bbox 1182 4256 1216 4310; x_wconf 89' lang='lat' dir='ltr'>et</span> 
     </span>
    </p>
   </div>
   <div class='ocr_carea' id='block_1_8' title="bbox 622 4352 670 4399">
    <p class='ocr_par' dir='ltr' id='par_1_8' title="bbox 622 4352 670 4399">
     <span class='ocr_line' id='line_1_41' title="bbox 622 4352 670 4399; baseline -0.021 0"><span class='ocrx_word' id='word_1_396' title='bbox 622 4352 670 4399; x_wconf 69' lang='lat'>1³2</span> 
     </span>
    </p>
   </div>
   <div class='ocr_carea' id='block_1_9' title="bbox 0 0 1474 5048">
    <p class='ocr_par' dir='ltr' id='par_1_9' title="bbox 0 0 1474 5048">
     <span class='ocr_line' id='line_1_42' title="bbox 0 0 1474 5048; baseline 0 0"><span class='ocrx_word' id='word_1_397' title='bbox 0 0 1474 5048; x_wconf 95' lang='lat' dir='ltr'> </span> 
     </span>
    </p>
   </div>
  </div>
 </body>
</html>
