2940 5048
739 318 1012 373 canawellam!

306 501 413 559 totum
428 513 573 557 annuum
587 492 751 556 redditum
771 512 813 553 xx
827 510 1020 569 marearum,
1034 508 1114 573 quas
1136 486 1284 573 praedicti
1305 484 1435 550 monaehi

307 592 453 655 solebant
476 592 645 654 annuatim
660 584 804 652 'reddere
832 587 1083 651 antecessoribus
1111 586 1194 649 meis
1222 592 1258 649 et
1286 584 1367 647 mibi
1390 604 1435 667 pro

306 691 449 771 grangiis
476 689 540 751 suis
563 688 605 750 de
631 687 759 749 Horton
790 691 824 747 et
853 683 1023 761 Heitblau
1045 684 1095 746 ita
1117 683 1204 766 quod
1228 702 1291 744 neo
1315 700 1374 765 ego
1392 699 1437 743 nso

305 785 420 866 aliquis
445 784 512 846 her.
536 803 648 861 meon,
673 803 733 845 neo
759 781 876 863 aliquis
900 780 983 843 alius
1002 780 1077 863 jure
1100 778 1154 842 vel
1177 778 1310 841 nomine
1333 782 1437 853 nostro,

306 881 427 962 aliquid
442 879 522 962 juris
537 879 589 942 vel
612 878 722 941 clamii
737 877 907 940 vendicare
928 878 1105 960 poterimus
1119 876 1161 938 ds
1182 880 1301 937 caetero
1314 875 1349 936 in
1363 892 1437 957 perp

306 978 339 1037 in
356 976 517 1059 praedictis
532 996 574 1037 xx
589 976 705 1037 marcis
720 974 822 1036 annui
837 973 993 1036 redditus.
1038 974 1084 1035 Et
1098 993 1159 1055 ego
1177 972 1325 1055 Rogems
1338 976 1373 1033 et
1384 970 1439 1033 ber.

306 1092 349 1133 m.
366 1073 448 1134 hano
464 1076 655 1154 praesentem
670 1071 881 1133 donacionem
896 1075 971 1150 eto,
986 1090 1060 1132 war.
1076 1074 1189 1132 contra
1203 1088 1327 1145 omnes,
1340 1074 1399 1129 eto.

183 1295 201 1327 n
373 1263 556 1327 Willelmus
578 1264 737 1338 Bostram,
758 1263 907 1326 salutem.
953 1261 1071 1327 Sciatis
1093 1282 1145 1325 me
1167 1261 1304 1324 oonsilio
1326 1260 1444 1323 amioor.

132 1345 267 1472 fi‘ffll'
307 1382 405 1422 meor.
422 1366 455 1422 et
471 1361 652 1438 hominum,
667 1380 725 1442 pro
741 1361 798 1422 sal.
813 1381 865 1422 an.
882 1380 962 1423 meae
979 1365 1014 1421 et
1029 1379 1115 1422 omn.
1131 1364 1237 1421 antec.
1253 1378 1354 1421 meor.
1369 1376 1446 1419 cone.

131 1477 200 1525 wffl,
213 1476 273 1525 Ber-
308 1462 341 1519 et
357 1477 445 1538 praes.
463 1455 557 1537 (lob)
572 1462 661 1517 carta
676 1476 748 1517 mea
763 1456 846 1517 conf.
859 1455 928 1518 Deo
943 1462 978 1518 et
991 1475 1077 1517 mon.
1090 1454 1123 1517 S.
1139 1454 1254 1517 Mariae
1269 1454 1355 1516 Novi
1369 1452 1448 1515 Mon.

133 1549 205 1592 tram.
307 1574 417 1615 omnes
441 1552 631 1613 donaciones
656 1558 687 1613 et
716 1552 980 1615 confirmaciones
1004 1573 1041 1614 ae
1067 1551 1236 1613 libertates
1260 1570 1342 1633 quas
1366 1556 1450 1633 pater

307 1670 396 1711 meus
415 1653 449 1710 et
474 1668 551 1710 arus
575 1668 666 1710 meus
686 1649 731 1710 eis
746 1647 902 1710 dederuut
917 1653 951 1710 et
973 1649 1069 1710 cartis
1089 1649 1155 1709 suis
1173 1644 1451 1721 confirmaverunt,

307 1746 442 1823 scilieet,
458 1744 616 1807 Heithlau
631 1764 707 1805 oum
722 1745 871 1806 omnibus
887 1745 1096 1827 pertinenciis
1107 1744 1183 1821 suis,
1194 1748 1230 1806 et
1240 1748 1366 1805 terram
1373 1743 1452 1805 inter

306 1842 494 1904 abbathiam
509 1847 543 1903 et
565 1840 716 1916 Mitford‚
731 1845 764 1902 et
785 1861 824 1902 ex
839 1846 930 1923 parte
953 1840 1131 1923 aquilonali
1153 1839 1319 1902 abbathiae
1340 1844 1453 1902 terram

306 1939 393 2000 inter
408 1938 526 2000 divisas
548 1938 588 2000 de
605 1936 714 1998 Hebre
737 1941 772 1998 et
786 1936 938 2019 Morpeth
962 1943 997 1998 et
1018 1957 1136 2018 aquarn
1158 1935 1198 1997 de
1213 1934 1403 2018 Wenspike,
1415 1934 1454 1999 ad

307 2033 464 2097 Crumwel
479 2034 520 2096 ad
536 2032 640 2116 capud
656 2032 767 2094 fossati
783 2032 845 2108 sui,
856 2054 913 2115 per
927 2054 1023 2115 quern
1038 2037 1206 2095 traxerimt
1221 2032 1328 2114 ipsam
1341 2052 1455 2115 squam

307 2131 348 2192 ad
364 2130 586 2193 molendinum
602 2149 706 2206 suum,
722 2134 757 2191 et
773 2128 899 2190 Horton
916 2150 990 2191 cum
1005 2129 1153 2192 omnibus
1164 2128 1455 2211 pertinenciissuis,

307 2231 342 2288 et
357 2227 447 2287 illam
459 2232 586 2307 partem
598 2225 730 2307 petarioe
741 2245 839 2306 quam
854 2224 899 2285 ibi
914 2225 1042 2287 habent
1089 2225 1168 2289 Haeo
1183 2225 1294 2288 omnia
1309 2225 1456 2303 macedo,

307 2320 370 2404 (et)
393 2320 546 2382 confimo
569 2320 638 2381 Deo
659 2325 694 2381 et
716 2319 749 2382 S.
773 2319 887 2382 Mariae
909 2341 946 2382 ao
963 2321 1124 2403 praedictis
1147 2340 1245 2399 mom,
1267 2328 1305 2383 et
1326 2321 1400 2384 volo
1421 2324 1457 2383 ut

308 2421 442 2477 teneant
466 2415 580 2477 deme
604 2415 720 2477 ether.
744 2416 824 2476 mois
848 2416 882 2477 in
898 2437 986 2498 perp.
1011 2437 1067 2499 per
1091 2417 1219 2480 easdem
1243 2418 1363 2481 divisas
1386 2438 1458 2501 oum

308 2511 429 2573 eisdem
444 2510 648 2573 libertatibus
662 2512 824 2573 contentis
839 2513 873 2573 in
890 2513 987 2575 cartis
1002 2514 1101 2596 patris
1116 2513 1191 2576 mei.

194 2733 222 2775 μ
376 2703 518 2785 llogerus
533 2702 618 2764 filius
633 2701 752 2785 Rogeri
769 2703 916 2765 Bertram
931 2704 971 2767 de
994 2705 1141 2782 Mitford‚
1156 2705 1307 2770 salutem.
1351 2707 1457 2771 Nore-

132 2793 269 2922 fffifigffl*
309 2800 381 2861 ritis
396 2820 449 2859 me
465 2798 536 2860 ded.
552 2819 641 2860 conc.
658 2805 692 2860 et
706 2800 766 2859 hac
789 2820 880 2880 praes,
896 2808 984 2862 carta
1006 2802 1090 2865 conf.
1106 2802 1174 2864 Deo
1196 2808 1271 2880 eto,
1286 2805 1398 2867 omnia
1419 2806 1458 2868 de

134 2926 220 2986 Roget
231 2938 275 2971 ⁸0„
311 2895 405 2957 verbo
420 2896 454 2956 iu
470 2893 612 2972 verbum,
628 2894 717 2955 sicud
733 2895 768 2955 in
784 2902 873 2957 carta
893 2898 1118 2961 terdiadecima
1139 2900 1233 2961 istius
1255 2900 1374 2983 gradus
1396 2900 1457 2963 loci

134 2991 164 3038 0f
173 2991 254 3052 ungor
311 2992 407 3073 primi
423 2989 629 3052 continetur.¹

43 3064 48 3071 “
134 3056 259 3105 Bortram.

136 3197 215 3246 Grani
230 3195 259 3244 of
273 3212 289 3243 a
378 3184 542 3247 iohannes
558 3183 644 3246 filius
660 3184 791 3248 Domini
803 3184 936 3248 Roborti
952 3186 992 3248 de
1002 3186 1147 3265 landon,
1160 3187 1309 3253 salutem.
1354 3190 1460 3255 Nove·

136 3263 248 3377 ffihlo
312 3283 383 3345 ritis
393 3303 445 3343 mo
454 3302 510 3363 pro
527 3282 582 3342 sal.
593 3282 710 3343 animae
724 3302 814 3356 meae,
824 3284 925 3362 patris
935 3284 1011 3359 mei,
1022 3292 1174 3348 antecess.
1188 3286 1302 3349 ether.
1314 3308 1460 3351 meorum

136 3393 249 3444 Fnulon.
313 3401 402 3442 cone.
427 3379 544 3441 ethos
569 3398 658 3458 praes.
685 3378 803 3458 scripto
828 3377 911 3438 conf.
938 3378 1006 3440 Deo
1031 3388 1065 3442 et
1084 3381 1121 3443 B.
1137 3382 1261 3460 diarias,
1285 3384 1406 3447 Abbati
1427 3392 1461 3449 et

314 3474 494 3539 Conventui
510 3473 541 3533 N
543 3473 594 3533 ovi
610 3473 701 3534 Mon.
716 3482 875 3542 eteorum
898 3477 1125 3539 successoribus
1147 3484 1181 3539 et
1196 3477 1381 3544 hominibus
1395 3482 1461 3545 suis

313 3573 348 3633 in
364 3570 419 3632 lib.
436 3588 504 3650 pur.
521 3573 556 3628 et
578 3588 667 3648 perp.
688 3566 728 3628 el.
746 3568 878 3630 liberam
902 3570 987 3631 viam
1010 3578 1044 3633 et·
1067 3576 1248 3656 passagium
1272 3596 1330 3658 per
1352 3599 1461 3643 omnes

314 3672 413 3728 terras
429 3684 515 3725 meas
530 3662 570 3724 de
593 3663 725 3725 Faudon
741 3669 775 3725 et
797 3663 838 3725 de
853 3664 997 3747 Kynton,
1014 3688 1088 3730 oum
1111 3671 1259 3733 omnibus
1276 3673 1461 3739 homiuibus

315 3765 389 3839 suis,
414 3781 478 3822 una
504 3780 578 3820 oum
602 3760 703 3841 equis,
728 3759 836 3836 carrio,
860 3762 1017 3843 cariagiis,
1043 3767 1192 3847 gregibus
1215 3769 1406 3835 animalium
1428 3778 1462 3835 et

315 3857 505 3923 omnimodis
519 3856 635 3917 averiis
650 3862 684 3918 et
706 3858 890 3919 necessariis
912 3859 987 3936 suis,
1002 3860 1035 3921 in
1059 3862 1231 3925 latitudine
1247 3886 1309 3928 xxx
1332 3869 1463 3949 pedmn‚

317 3954 529 4036 propinquius
540 3953 615 4015 altae
631 3953 691 4015 viae
706 3974 745 4014 ex
760 3959 895 4034 utraque
911 3962 1012 4036 parte,
1024 3957 1113 4019 sicud
1122 3959 1189 4021 alta
1201 3962 1253 4022 via
1268 3982 1302 4024 se
1316 3966 1466 4028 extendit

318 4051 357 4111 de
381 4050 543 4111 Burneton
560 4048 652 4111 ll'est
675 4069 780 4110 versus
803 4049 930 4110 Novum
954 4050 1112 4131 Castrum,
1135 4062 1169 4117 et
1192 4063 1307 4138 praeter
1327 4060 1388 4123 boo
1409 4081 1467 4143 per

124 4137 274 4266 sspppopgr
318 4166 426 4254 omnes
442 4150 540 4207 terras
555 4166 644 4255 meas
663 4146 842 4255 praedictas,
858 4155 947 4256 extra
971 4147 1103 4211 bladum
1126 4159 1160 4213 et
1182 4160 1322 4234 pratum.
1371 4157 1416 4219 Et
1438 4158 1468 4221 si

123 4262 243 4335 damme
258 4283 292 4348 by
317 4247 486 4321 contingat
502 4241 586 4322 quod
601 4242 710 4323 aquna
725 4262 831 4303 averia
847 4241 1007 4306 dictorum
1023 4245 1095 4309 abb.
1111 4254 1146 4309 et
1160 4270 1250 4311 conv.
1267 4250 1352 4314 infra
1367 4259 1469 4317 ten-as

118 4332 221 4396 ‘mle
236 4354 285 4399 ete.
318 4357 404 4400 meas
419 4338 453 4398 in
468 4336 583 4415 bladis,
595 4339 706 4420 pratis,
718 4346 751 4401 et
767 4339 893 4420 pascuis
903 4341 936 4401 in
953 4341 1195 4427 quibuscunque
1203 4347 1282 4409 locis
1290 4347 1468 4431 aliquando

757 4461 767 4495 ¹
785 4460 836 4517 See
848 4470 920 4525 noto,
931 4480 956 4535 p.
969 4464 1013 4519 27.
