2940 5048
636 332 909 389 cnsnncmwn

201 510 278 566 sunt
300 525 357 587 pro
378 504 489 567 divisis
507 502 610 587 (llb).
654 504 796 567 Tenend.
813 510 848 567 et
862 500 1002 566 habend.
1016 501 1115 565 dictis
1129 498 1345 579 monschisde

201 620 254 662 me
269 602 380 663 ether.
396 601 488 677 meis,
503 601 538 662 in
558 600 617 665 lib.
633 620 704 684 pur.
720 605 755 662 et
769 620 860 682 perp.
876 598 918 663 el.
933 598 1044 678 libere,
1060 598 1184 682 quiete,
1199 596 1300 659 solute
1312 596 1347 659 sb

202 697 291 757 omni
306 696 439 759 servicio
461 697 636 759 intrinseco
658 702 693 758 et
707 696 874 772 forinseco,
889 699 924 758 et
947 694 990 758 cb
1012 695 1104 759 omni
1127 692 1348 757 consuetudine

203 811 274 874 quse
284 791 487 873 aliquatenus
497 793 585 875 exigi
599 794 700 875 possit
713 793 749 853 in
763 794 968 875 perpetuum,
978 796 1014 855 et
1027 791 1071 853 cd
1085 790 1214 853 dictum
1229 794 1350 872 protum

31 886 168 963 uaesana
203 894 237 950 et
252 892 369 950 tenum
384 888 550 951 habebunt
564 888 703 951 liberum
723 890 771 950 ire
784 895 820 951 et
841 888 948 953 redire
969 888 1124 971 quociens
1145 906 1227 969 opus
1240 884 1351 947 heinm-

29 952 179 1017 duplantur.
203 984 278 1045 rint,
324 984 368 1045 Et.
384 1004 445 1067 ego
459 984 513 1048 W.
525 990 558 1047 et
574 985 640 1047 her.
657 986 722 1048 mei
736 988 929 1066 presentem
943 982 1159 1047 donacionem
1173 1000 1249 1044 wer.

92 1186 119 1227 v·
270 1166 426 1230 Dominus
444 1167 609 1231 Johsnnes
630 1168 671 1231 de
695 1168 828 1243 Plesset,
846 1167 996 1230 sulutem.
1040 1166 1210 1230 Noveritis
1229 1182 1283 1228 ms
1302 1184 1353 1247 pro

29 1245 174 1359 3ζὲἭο
204 1261 309 1324 salute
329 1266 447 1327 animae
468 1283 549 1327 mere
570 1270 646 1341 etc,
659 1265 895 1339 dedisse,ccnc.
910 1268 946 1325 et
960 1282 1054 1346 praes.
1076 1266 1170 1325 carto
1191 1260 1278 1324 conf.
1292 1260 1355 1323 Deo

29 1376 107 1425 above
119 1376 153 1439 by
203 1366 236 1421 et
260 1359 297 1421 B.
313 1360 437 1434 Mariae,
458 1359 541 1423 Abb.
556 1366 592 1425 et
613 1360 713 1425 Conv.
729 1360 812 1422 Novi
827 1360 931 1434 Mon„
946 1378 1061 1422 omnes
1076 1358 1256 1441 particulos
1269 1362 1356 1420 terro

29 1441 131 1555 ss‘l'sss‘gg
204 1462 238 1516 et-
265 1457 349 1535 prnti
374 1477 446 1537 quse
471 1457 654 1519 Willelmus
684 1457 783 1537 Parys
807 1456 848 1519 de
877 1456 1037 1519 Schctton
1061 1455 1188 1518 eisdem
1214 1452 1307 1517 dedit
1325 1454 1356 1515 in

129 1542 136 1556 '
203 1570 317 1633 campo
330 1551 474 1633 ejusdem
488 1552 576 1615 villae
598 1552 688 1615 sicud
702 1552 829 1635 plenius
850 1558 948 1615 csrtae
962 1572 1043 1634 quas
1058 1550 1137 1613 inde
1151 1550 1278 1614 habent
1291 1568 1358 1633 pro·

204 1651 384 1729 portentet
397 1652 569 1709 testantur.
615 1648 655 1709 In
670 1648 763 1731 cujus
777 1650 836 1723 rei,
851 1654 912 1711 etc.

85 1845 124 1911 iiij
271 1837 426 1900 Ricardus
436 1840 477 1901 de
486 1838 615 1901 Plessiz.
643 1839 758 1902 Sciatis
769 1839 855 1921 quod
867 1839 953 1914 dedi,
964 1858 1055 1901 conc.
1066 1839 1357 1923 etnaemespres

29 1913 164 2028 enupsit„
204 1942 293 1996 corta
319 1935 402 1997 conf.
426 1935 495 1998 Deo
524 1942 558 1997 et
587 1934 626 1997 B.
658 1935 772 1997 Mariae
797 1940 832 1996 et
865 1936 1031 1996 monachis
1065 1934 1109 1998 de
1143 1934 1240 1998 Novo
1273 1934 1358 1997 Mon.

28 1996 140 2094 ἓῗιὲιοωη
200 2031 215 2113 j
232 2051 339 2092 uerum
355 2036 449 2094 tense
463 2051 537 2093 cum
552 2031 758 2112 pertinenciis
773 2031 839 2091 suis
854 2032 888 2093 in
910 2050 1026 2112 campo
1042 2050 1118 2093 meo
1134 2030 1177 2094 de
1191 2030 1359 2105 Schotton,

31 2111 142 2225 ffidssd
205 2127 338 2202 scilieet,
350 2130 385 2188 in
401 2128 567 2189 occidente
582 2126 623 2189 de
638 2125 774 2188 Holford
791 2127 1057 2208 propinquiorem
1077 2130 1175 2191 terrm
1189 2126 1359 2210 predicto

30 2214 131 2291 Ple-esis.
205 2244 276 2285 rum
293 2223 523 2285 monachorum
538 2223 578 2284 de
593 2221 731 2284 Horton.
776 2222 1359 2286 Tenend.ethabend.dcmeether.

206 2319 286 2380 meis
311 2318 474 2398 predictis
498 2318 674 2393 monacbis,
689 2319 724 2379 in
751 2317 807 2379 lib.
828 2338 899 2399 pur.
920 2324 955 2380 et
966 2339 1058 2401 perp.
1079 2319 1135 2395 eL,
1159 2320 1308 2401 quietum
1328 2322 1361 2381 et

206 2413 344 2475 solutum
359 2413 401 2473 ab
414 2413 502 2473 omni
523 2418 651 2475 terreno
673 2415 818 2489 servicio,
834 2416 1017 2491 exaccione,
1032 2417 1067 2477 et
1083 2414 1260 2492 demendo,
1274 2412 1360 2477 sicud

206 2510 313 2591 aliquo
328 2508 369 2570 el.
386 2507 519 2569 liberius
537 2513 570 2569 et
587 2510 731 2589 quieeius
745 2514 780 2571 et-
792 2508 908 2571 melius
925 2515 1033 2591 potest
1042 2510 1113 2572 dari
1124 2511 1180 2573 vel
1193 2508 1361 2594 possideri.

31 2612 166 2684 Confirma-
207 2606 251 2667 Et
266 2624 326 2686 ego
342 2604 380 2665 R.
395 2606 429 2665 et
444 2603 575 2665 heredes
583 2624 656 2665 war.
703 2604 748 2665 Et
756 2610 912 2685 praetereo
923 2625 1012 2668 conc.
1032 2609 1068 2668 ci
1083 2606 1172 2669 conf.
1187 2606 1290 2690 praed.
1299 2626 1360 2669 mc.

27 2680 147 2801 22¹2?ssss
206 2701 416 2763 donacionem
444 2698 495 2759 W.
520 2698 561 2760 de
587 2698 680 2760 Paris
703 2699 765 2760 filii
789 2699 921 2783 Rogeri,
946 2699 1083 2777 scilicet,
1110 2701 1134 2784 ij
1155 2722 1251 2765 scrss
1276 2701 1362 2786 prati

28 2805 181 2861 wiltl‘ann.
206 2802 241 2859 et
256 2802 321 2858 tres
336 2794 428 2857 rodas
443 2797 477 2856 et
491 2793 663 2856 dimidiam
678 2795 789 2857 rodam
804 2815 880 2857 cum
895 2797 1105 2877 pertinenciis
1120 2800 1189 2861 suis
1200 2800 1237 2861 in
1249 2816 1362 2881 campo

205 2894 245 2955 de
270 2893 438 2968 Schotton,
474 2889 609 2967 scilicet,
632 2911 671 2951 ex
701 2896 792 2972 porte
825 2892 1020 2954 occidentali
1042 2894 1085 2956 de
1108 2894 1360 2959 Holfordmedu.

205 2990 347 3053 Tenend.
362 2992 396 3051 ct
407 2987 544 3049 hebend.
560 2987 594 3048 in
609 2986 663 3050 lin
682 2985 723 3047 el.
739 2987 829 3048 sicud
844 2988 944 3068 prius.

271 3182 367 3271 (1221)
388 3181 510 3248 Blanda.

270 3377 368 3461 (l2b)
390 3375 512 3440 Blonk.

653 3819 831 3885 GRADUS
863 3818 910 3883 11.

3 4082 27 4113 ,
53 4024 70 4055 ¹¹
102 4032 149 4129 ⁰³
266 4034 367 4123 (lae)
384 4046 496 4111 Sciant
520 4068 630 4112 omnes
650 4044 734 4128 quod
757 4060 817 4123 ego
832 4041 975 4124 Rogerus
998 4043 1146 4107 Bertrem
1168 4046 1307 4113 consilio
1329 4057 1365 4114 et

1 4144 78 4239 epe,
94 4148 154 4195 anu
196 4120 372 4196 voluntate
380 4146 489 4208 uxoris
500 4166 582 4209 meae
595 4148 630 4206 et
643 4140 798 4204 heredum
808 4158 961 4213 meorum,
970 4138 1046 4201 dedi
1061 4138 1124 4223 (et)
1138 4146 1286 4209 concessi
1300 4146 1364 4210 Ab.

13 4206 124 4313 rnffsssff
194 4214 228 4269 θῗ
246 4231 420 4297 monachis
445 4240 531 4304 Nori
557 4236 761 4309 Monssterii,
790 4238 911 4295 terrem
933 4236 975 4297 sd
997 4234 1185 4299 faciendum
1200 4240 1363 4305 fossatum

0 4306 140 4431 rrpoge'r
192 4320 302 4385 suum,
318 4326 355 4381 ct
366 4338 536 4410 squsmde
547 4334 703 4419 Wenspik
714 4331 757 4394 nd
769 4328 977 4409 Grumbwell‚
992 4330 1127 4410 scilicet,
1139 4332 1182 4395 cd
1197 4334 1365 4401 adducen-

47 4400 132 4447 mm,
213 4416 267 4459 am
284 4410 329 4471 ad
346 4424 574 4496 molendinum
589 4454 693 4509 snum,
708 4449 765 4513 pro
779 4426 948 4490 animabus
968 4428 1070 4510 petris
1085 4432 1118 4489 et
1134 4432 1252 4494 metris
1268 4454 1363 4514 mese,
