2940 5048
443 333 491 385 DE
515 332 611 387 NOVO
635 333 873 388 MONASTERIO.

76 498 224 584 proprios
239 519 325 576 usus,
340 499 473 563 liberam
488 506 522 563 et
537 503 681 584 quietam
696 503 737 566 ab
752 504 840 565 omni
863 503 1092 570 consuetudine
1114 505 1154 567 ad
1177 525 1230 566 me

77 598 129 658 vel
143 596 213 660 ber.
228 616 270 659 m
288 597 513 678 pertinentem,
528 602 562 661 et
584 598 719 660 liberum
736 599 783 660 ire
799 605 833 661 et
849 601 957 662 venire
973 622 1030 684 per
1044 605 1149 663 totam
1165 606 1230 662 ter·

76 712 148 756 ram
163 711 272 753 meam
287 691 344 752 ubi
355 691 449 753 liberi
465 694 530 754 mei
545 693 691 756 homines
707 699 785 755 eunt
809 700 843 756 et
867 698 1013 758 veniunt.
1060 696 1105 758 Et
1128 697 1230 757 scien·

77 786 157 848 dum
172 786 259 869 quod
274 787 301 848 si
316 786 412 868 praed.
428 793 548 849 terram
565 789 698 851 vendere
714 788 886 868 voluerint,
901 811 967 853 non
981 811 1052 853 eem
1076 791 1139 852 uisi
1154 791 1229 852 aliis

77 883 158 945 viris
172 882 332 964 religiosis
348 883 496 946 vendent.
541 883 618 946 Hiis
631 884 780 947 testibus.

148 1070 307 1136 Omnibus
321 1072 448 1136 Sanctae
463 1073 748 1154 MatrisEcclesiae,
762 1079 824 1139 etc.
870 1076 967 1159 Hugo
981 1077 1022 1139 de
1037 1076 1131 1154 Ball,
1146 1076 1229 1138 salu·
1305 1085 1357 1153 iiij·

79 1174 161 1232 tem.
199 1168 317 1231 Sciatis
332 1189 386 1230 me
400 1170 599 1246 concessisse,
615 1176 649 1232 et
664 1170 696 1232 h.
709 1191 741 1252 p.
753 1191 781 1233 c.
797 1191 840 1232 m.
856 1172 938 1234 conf.
952 1172 1021 1234 Deo
1036 1177 1070 1234 et
1086 1172 1118 1235 S.
1134 1171 1182 1233 M.
1195 1176 1229 1233 et
1253 1153 1382 1269 wra-

80 1265 249 1328 monacbis
258 1264 343 1327 Novi
351 1265 452 1340 Mon,
461 1265 582 1327 toftum
597 1267 681 1347 quod
694 1267 873 1329 Bernardus
884 1268 924 1330 de
936 1268 1017 1330 Ball.
1027 1269 1132 1331 senior
1140 1267 1230 1329 dedit
1253 1285 1307 1335 tion
1319 1285 1353 1348 by

81 1363 129 1425 eis
153 1363 189 1423 in
213 1360 434 1443 Neubigging,
459 1361 494 1422 in
518 1381 590 1443 pur.
611 1367 644 1423 et
669 1382 757 1444 perp.
782 1363 834 1441 01,
849 1369 884 1424 01
908 1365 1052 1445 quietam
1076 1365 1117 1426 ab
1141 1364 1228 1426 omni
1254 1349 1376 1465 iffi&

81 1461 209 1519 terreno
225 1457 369 1518 servicio.
414 1456 460 1518 Et
473 1462 593 1517 terram
617 1476 715 1538 quam
731 1457 920 1519 Edmundus
943 1459 983 1520 de
999 1458 1117 1520 Setona
1139 1458 1231 1521 dedit
1349 1453 1356 1466 ’

81 1553 128 1615 eis
143 1553 179 1614 in
194 1552 306 1613 eadem
321 1550 412 1628 villa,
426 1552 461 1613 in
494 1550 551 1614 lib.
567 1558 601 1614 et
624 1572 713 1634 perp.
728 1551 781 1628 el.‚
796 1553 957 1615 reddendo
972 1554 1048 1614 iude
1073 1555 1173 1615 michi
1196 1560 1230 1617 et

82 1648 150 1710 her.
167 1667 211 1708 m.
227 1648 408 1722 annuatim,
431 1646 479 1728 iiij
506 1647 550 1725 (1.,
574 1646 597 1728 ij
624 1648 666 1709 ad
690 1647 912 1724 Pentecosten,
925 1653 959 1709 et
983 1648 1005 1730 ij
1023 1648 1065 1710 ad
1080 1648 1113 1711 S.
1129 1649 1229 1712 Mart.

83 1743 130 1806 Et
139 1749 260 1805 terram
275 1763 372 1825 quam
387 1743 468 1805 Rad.
480 1743 520 1804 de
531 1740 723 1820 Lithum,et
733 1744 892 1825 petariam
903 1743 1008 1805 eidem
1023 1749 1115 1805 terrae
1130 1745 1231 1826 perti·

83 1845 227 1915 nentem,
242 1839 333 1900 dedit
356 1839 402 1901 eis
426 1840 461 1899 in
482 1839 594 1901 eedem
617 1839 706 1914 ville,
721 1840 756 1900 iu
780 1839 836 1900 lib.
852 1844 886 1900 et
901 1860 988 1921 perp.
1005 1839 1054 1915 el,
1069 1839 1231 1902 reddendo

83 1937 161 1999 inde
175 1935 344 1997 annuatim
367 1934 468 1995 michi
490 1934 605 1997 ether.
622 1954 666 1995 m.
683 1934 731 2016 iiij
749 1935 792 2011 d.,
815 1934 837 2016 ij
856 1935 887 1997 d.
899 1934 940 1996 ad
964 1935 1185 2011 Pentecosten,
1197 1940 1232 1997 et

84 2032 108 2114 ij
135 2031 168 2092 d.
192 2030 234 2092 ad
255 2030 287 2093 S.
315 2030 414 2093 Mart.
460 2029 554 2091 Hanc
574 2028 671 2111 praed.
696 2035 815 2092 terram
835 2034 938 2092 totam
963 2031 1009 2091 eis
1027 2032 1177 2107 concessi,
1197 2035 1232 2093 et

84 2128 119 2190 b.
129 2146 161 2209 p.
171 2147 199 2187 0.
210 2146 255 2187 m.
264 2127 360 2202 conf,
369 2124 545 2187 tenendum
559 2125 600 2186 de
610 2144 664 2185 me
675 2124 784 2187 ether.
794 2127 875 2187 meis
887 2125 1232 2203 honorifice,libere,et

84 2222 197 2303 quiete
220 2220 261 2282 ab
293 2239 379 2282 omn.
404 2220 539 2281 terrenis
568 2220 710 2281 serviciis
736 2225 770 2281 et
794 2240 877 2282 cone.
904 2224 938 2280 et
964 2239 1067 2281 exacc.
1087 2219 1232 2281 faciendo

84 2317 253 2379 annuatim
275 2315 466 2398 praedictum
489 2314 669 2376 servicium.
714 2314 872 2376 Praeterea
894 2316 1032 2376 concessi
1055 2314 1101 2377 eis
1116 2313 1233 2376 habere
1319 2352 1324 2359 -

83 2412 130 2475 ibi
140 2432 238 2475 unam
247 2410 400 2473 butellam
409 2409 579 2492 piscariam
587 2410 629 2471 ad
639 2411 781 2492 proprios
793 2429 878 2484 usus,
889 2409 1023 2471 liberam
1038 2415 1072 2471 et
1087 2410 1232 2491 quietam
1257 2430 1393 2495 amhag-

83 2508 126 2571 ab
149 2507 238 2569 omni
263 2506 492 2568 cousuetudine
511 2505 553 2567 ad
576 2525 629 2566 me
649 2502 768 2588 (l35b)
795 2503 846 2566 vel
864 2505 928 2567 her.
945 2525 989 2566 m.
1005 2506 1231 2587 pertinentem.
1257 2497 1323 2547 boat.

84 2604 131 2666 Et
145 2603 284 2665 liberum
299 2602 346 2662 ire
360 2607 395 2662 et
409 2600 515 2662 venire
538 2620 594 2682 per
609 2605 713 2662 totam
729 2604 847 2661 terram
863 2620 968 2662 meam
983 2600 1039 2662 ubi
1055 2601 1120 2663 mei
1140 2600 1232 2662 liber.

85 2698 234 2762 homines
256 2700 335 2758 eunt
356 2700 392 2757 et
404 2697 549 2757 veniunt.
595 2695 640 2757 Et
658 2696 823 2757 sciendum
847 2696 932 2777 quod
956 2696 983 2757 si
1003 2696 1233 2778 praedterram

84 2794 223 2857 vendere
246 2790 415 2867 voluerint,
437 2810 502 2853 non
524 2810 596 2853 eam
618 2791 682 2852 nisi
705 2789 777 2853 aliis
799 2791 877 2852 viris
899 2791 1058 2874 religiosis
1081 2792 1231 2854 vendent.

87 2889 164 2952 Hiis
179 2885 326 2963 testibus,
341 2891 404 2948 010.

153 3080 311 3145 Omnibus
325 3081 385 3142 hoc
395 3080 563 3162 scriptum,
574 3084 648 3156 010,
664 3080 769 3161 Agnes
785 3098 855 3160 quae
871 3078 935 3139 fuit
949 3098 1027 3140 uxor
1043 3078 1176 3142 Roberti
1185 3080 1233 3141 fili
1300 3091 1346 3158 ‘v‘
1363 3147 1369 3159 ‚

87 3176 168 3263 (010)
182 3178 374 3259 Margaretae
387 3176 428 3237 de
442 3174 664 3257 Neubigging,
679 3175 816 3236 salutem
832 3175 866 3236 in
882 3173 1031 3235 Domino.
1072 3175 1233 3237 Noveritis
1258 3147 1397 3277 ffffissff

86 3294 140 3337 me
151 3274 186 3335 in
196 3292 276 3355 pura
288 3273 453 3334 viduetate
464 3291 536 3332 mea
546 3271 680 3346 dedisse,
692 3269 876 3345 remississe,
885 3268 1049 3344 relaxasse,
1059 3273 1094 3329 et
1104 3272 1232 3332 omniuo
1258 3278 1347 3328 vidos
1359 3250 1396 3327 σι’

86 3390 144 3453 pro
159 3389 212 3431 me
227 3374 262 3431 et
276 3368 342 3429 her.
358 3387 402 3428 m.
418 3367 657 3448 imperpetuum
672 3362 973 3445 quietumclamasse
984 3363 1052 3424 Deo
1070 3369 1105 3426 et
1121 3365 1158 3427 B.
1174 3366 1234 3442 M,
1259 3343 1403 3457 fflquf

86 3465 208 3528 Abbati
231 3468 266 3525 et
289 3461 460 3524 conventui
474 3460 558 3523 Novi
575 3461 665 3523 Mon.
682 3464 788 3521 totum
810 3459 864 3541 jus
888 3464 922 3520 et
943 3458 1101 3520 clameum
1125 3481 1234 3523 meum
1259 3424 1358 3537 011000

86 3562 173 3644 quod
196 3559 296 3621 habui
321 3557 372 3620 vel
394 3558 500 3640 aliquo
522 3557 619 3619 modo
640 3556 756 3617 babere
779 3556 870 3637 potui
893 3556 928 3615 in
950 3560 1021 3617 tota
1044 3555 1102 3618 illa
1125 3556 1235 3638 placea
1259 3541 1337 3590 tuere.

86 3660 181 3719 terrae
195 3675 271 3716 cum
282 3654 399 3736 pertin.
414 3673 487 3735 quae
501 3653 589 3714 idem
603 3651 700 3713 abbas
715 3658 748 3713 01
763 3656 938 3713 conventus
953 3649 1074 3713 babent
1096 3653 1136 3714 de
1151 3653 1234 3715 dono

87 3750 221 3814 Roberti
244 3749 293 3811 fili
318 3749 510 3830 Margaretae
532 3747 595 3808 viri
616 3747 681 3808 mei
699 3748 733 3807 in
757 3746 835 3807 villa
857 3747 897 3808 de
920 3746 1140 3829 Neubigging,
1163 3769 1235 3830 quae

88 3846 221 3929 quidem
236 3845 346 3927 placea
367 3850 459 3905 terrae
469 3843 559 3925 jacet
581 3843 666 3904 inter
688 3843 890 3923 mesuagium
913 3841 1081 3924 cujusdam
1097 3843 1234 3906 Walteri

89 3942 213 4025 Couper
227 3962 266 4002 ex
290 3946 381 4022 parte
404 3939 595 4000 occidentali
619 3943 653 3999 et
675 3938 877 4018 mesuagium
902 3938 986 4018 quod
1009 3937 1173 4000 Johannes
1195 3940 1235 4001 de

87 4036 259 4122 Wagiorth
282 4036 322 4099 de
345 4035 442 4096 dictis
465 4034 581 4096 abbate
613 4039 648 4095 et
670 4053 758 4094 conv.
785 4038 876 4093 tenet
900 4033 934 4094 in
960 4034 1081 4108 eadem,
1105 4037 1236 4097 omnino

88 4135 172 4196 sicut
186 4133 332 4196 extendit
347 4131 380 4192 iu
398 4129 601 4212 longitudine
616 4133 649 4190 et
665 4127 839 4189 latitudine
860 4128 899 4188 de
924 4129 1087 4211 mesuagio
1110 4151 1183 4192 meo
1197 4152 1236 4192 ex

88 4233 179 4312 parte
193 4229 308 4291 boriali
324 4246 422 4308 usque
438 4245 525 4287 mare
548 4225 643 4286 dictae
666 4223 751 4284 villae
774 4223 814 4283 de
836 4222 1055 4304 Neubigging,
1101 4225 1185 4288 Hab.
1202 4233 1237 4289 et

88 4330 155 4387 ten.
171 4324 335 4408 praedictis
360 4321 434 4384 abb.
458 4327 492 4382 et
517 4341 608 4382 conv.
624 4325 659 4381 et
683 4338 814 4379 success.
836 4338 860 4378 s.
886 4317 926 4378 de
950 4318 1082 4400 capitali
1107 4322 1237 4384 domiuo

89 4420 178 4484 feodi
203 4420 294 4482 illius
317 4438 375 4501 per
396 4417 530 4479 servicia
545 4416 621 4478 inde
637 4413 747 4477 debita
773 4418 807 4474 et
822 4418 975 4475 consueta
989 4415 1238 4498 imperpetuum,
