2940 5048
430 325 480 379 DE
503 318 599 378 NOVO
622 323 859 385 Morasrnmo

64 498 123 563 bus
137 498 225 561 sicut
240 515 357 581 puram
378 496 598 572 elemodnam,
612 501 647 558 et
661 497 745 559 sicut
759 501 849 559 carta
862 497 965 578 patris
980 499 1044 561 mei
1061 498 1218 562 Euerardi

64 597 106 660 de
120 595 187 659 Ros
201 615 304 678 quam
320 593 397 657 inde
409 593 720 677 habentpropcrtat.
765 593 842 656 Hiis
857 595 1008 674 testibus,
1022 602 1085 659 etc.

133 788 294 854 Omnibus
308 790 392 853 bane
407 792 541 863 cartam,
556 792 619 850 etc.
656 785 839 848 Willelmus
854 787 895 849 de
910 787 1053 868 Hanule,
1069 789 1216 854 salutem.
1302 809 1344 877 fij·

65 886 233 951 Noreritis
247 906 301 948 me
309 886 351 949 ob
361 890 552 968 perpetuam
563 883 651 967 pacis
660 883 840 946 custodiam
850 888 1041 950 concessisse
1052 888 1217 950 monachis
1241 877 1392 996 ffflfffl
1417 904 1420 911 ’

68 984 102 1048 S.
118 984 167 1046 M.
182 981 269 1045 Novi
282 982 374 1044 Mon.
390 988 428 1044 ut
441 981 565 1043 iaciant
577 980 732 1042 fossatum
743 1000 845 1041 unum
854 1002 911 1063 pro
920 989 1008 1046 certa
1019 989 1054 1048 et
1062 990 1218 1067 perpetua
1337 981 1345 997 ‘

67 1083 174 1147 divisa
187 1083 276 1144 inter
288 1080 461 1162 grangiam
475 1078 516 1139 de
532 1076 700 1141 Strattona
715 1081 750 1139 et
765 1077 877 1140 villam
900 1080 940 1142 de
962 1081 1183 1164 Brotherwyk,
1199 1103 1219 1146 a

66 1178 175 1241 siketo
188 1198 229 1240 ex
243 1174 436 1239 occidentali
452 1179 544 1257 parte
557 1173 599 1235 dc
614 1172 821 1257 Brotherwyk
846 1195 947 1259 usque
973 1178 1015 1240 ad
1041 1179 1072 1240 le
1097 1179 1219 1242 Grene.

66 1280 156 1358 gats.
201 1274 256 1336 Ita
270 1272 357 1355 quod
372 1271 526 1354 quicquid
542 1275 636 1332 terrae
651 1269 703 1331 vel
717 1276 854 1351 pasturae
871 1275 1056 1338 continetur
1077 1275 1112 1337 in
1135 1277 1220 1337 occi·

68 1371 196 1436 dentali
212 1374 304 1453 parte
319 1369 467 1450 praedicti
480 1367 603 1444 fossati,
619 1367 705 1443 dedi,
721 1368 840 1444 remisi,
856 1376 891 1432 et
906 1372 1055 1452 quietum
1070 1372 1219 1446 clamavi,

69 1469 111 1532 de
125 1489 179 1531 me
194 1474 229 1530 et
243 1466 311 1528 ber.
327 1485 372 1527 m.
387 1465 552 1548 praedictis
566 1465 732 1527 monachis
751 1466 788 1527 in
810 1473 1015 1550 perpetuum.
1062 1471 1102 1532 In
1117 1471 1220 1554 cujus,

70 1572 134 1631 eta

139 1759 308 1839 Omnibus,
323 1765 385 1824 etc.
427 1760 594 1825 Galfridus
608 1761 651 1824 de
665 1761 804 1840 Hanule,
820 1762 906 1826 filius
920 1770 955 1826 et
970 1767 1059 1828 heres
1074 1766 1163 1828 Will.
1180 1767 1220 1829 de
1299 1768 1355 1833 iiij·

72 1857 195 1935 Hanul,
210 1857 347 1920 salutem
363 1857 398 1919 in
412 1857 552 1920 Domino
566 1860 807 1941 sempiternam.
856 1860 1020 1924 Noveritis
1035 1883 1088 1923 me
1102 1863 1220 1925 divinae
1245 1835 1376 1950 {122⁰ssssss

71 1956 219 2018 caritatis
242 1955 377 2032 intuitu,
393 1960 429 2017 et
450 1974 509 2038 pro
531 1954 635 2018 salute
658 1956 777 2019 animae
802 1976 893 2034 mear,
920 1957 1021 2040 patris
1047 1964 1081 2021 et
1106 1961 1220 2022 matris
1245 1966 1335 2015 wari-

71 2072 164 2130 meae,
174 2071 300 2114 necnon
311 2055 347 2113 et
357 2052 504 2114 omnium
512 2057 685 2132 parentum
700 2072 857 2130 meorum,
872 2056 1071 2132 concessisse,
1087 2056 1220 2132 dedisse,
1245 2032 1380 2148 ffiffl

71 2155 107 2212 et
121 2148 273 2231 praesenti
287 2153 378 2210 carta
404 2147 619 2225 confirmasse,
635 2150 767 2211 domino
784 2150 872 2224 Adae,
887 2151 950 2213 Dei
976 2153 1087 2234 gracia
1110 2153 1221 2215 abbati
1245 2164 1277 2215 de
1290 2162 1396 2214 Hanvil.

72 2243 157 2307 Novi
172 2242 262 2306 Mon.
278 2247 313 2305 11
327 2242 472 2326 ejusdem
488 2243 552 2306 loci
566 2245 751 2322 conventui,
776 2251 808 2308 et
834 2266 897 2308 eor.
920 2248 1162 2326 successoribus,
1185 2250 1221 2310 in

72 2361 144 2423 pur.
168 2345 203 2402 et
228 2360 319 2422 perp.
343 2339 397 2418 el.,
411 2345 517 2402 totam
543 2340 635 2403 illam
662 2342 787 2422 peciam
812 2346 905 2405 terrae
932 2365 1004 2425 quae
1023 2344 1113 2427 jacet
1136 2345 1221 2407 infra

73 2435 254 2521 langdike,
270 2455 335 2498 una
349 2457 425 2498 cum
440 2436 553 2500 eadem
567 2435 757 2520 Langdyke,
773 2459 845 2520 quae
870 2440 1001 2521 quidem
1016 2447 1103 2504 terra
1126 2444 1162 2504 in
1188 2464 1222 2505 se

72 2537 223 2598 continet
236 2534 366 2597 circiter
380 2554 479 2597 unam
494 2555 603 2597 acram
618 2540 654 2597 et
678 2535 862 2614 dimidiam,
877 2557 952 2600 cum
978 2540 1129 2603 omnibus
1156 2541 1221 2603 suis

72 2633 205 2715 pertin,
219 2650 292 2712 quae
305 2650 338 2693 se
353 2632 461 2694 tendit
475 2650 495 2693 a
510 2633 563 2693 via
586 2632 676 2713 regia
691 2632 856 2714 Kydeford
871 2654 971 2716 usque
987 2636 1028 2698 ad
1043 2657 1167 2699 moram
1182 2638 1223 2700 de

72 2726 287 2805 Werkworth,
301 2727 371 2790 sine
386 2727 494 2809 aliquo
508 2731 740 2790 retenemento.
771 2728 857 2791 Hab.
874 2736 908 2792 et
923 2737 990 2795 ten.
1006 2733 1095 2796 dicto
1109 2734 1222 2797 abbati

73 2829 107 2888 11
136 2843 228 2887 conv.
259 2827 294 2886 et
323 2844 436 2887 eorum
466 2824 696 2886 successoribus
726 2824 980 2908 imperpetuum,
1004 2830 1084 2893 adeo
1110 2830 1222 2905 libere,

73 2919 220 3005 pacifice,
234 2925 270 2983 et
279 2920 400 3002 quiete,
414 2921 542 3002 integre
557 2925 592 2982 et
606 2919 711 2982 solute
726 2921 809 2983 sicut
825 2922 935 3004 aliqua
950 2923 1125 2988 elemosina
1140 2927 1224 2988 infra

73 3018 342 3081 Northnmbriam
357 3017 502 3092 liberius,
517 3015 692 3099 pacificius,
713 3019 868 3100 quiecius,
885 3021 1055 3101 integrius,
1070 3027 1106 3084 et
1120 3024 1224 3105 magis

73 3115 189 3191 solute,
204 3114 301 3176 datur
314 3119 373 3176 aut
394 3113 592 3176 conceditur.
638 3112 708 3195 Ego
723 3134 798 3176 vero
813 3114 986 3195 praedictus
1002 3116 1169 3180 Galfridus
1190 3123 1225 3180 et

73 3212 141 3273 her.
157 3210 224 3272 mei
239 3215 344 3273 totam
367 3210 466 3292 praed.
493 3214 625 3284 terram,
640 3229 715 3270 cum
740 3210 890 3271 omnibus
916 3212 982 3272 suis
1006 3214 1224 3292 pertinenciis,

73 3305 291 3384 libertatibus,
305 3311 341 3369 11
354 3307 572 3390 aysiamentis,
587 3311 699 3368 contra
713 3326 823 3367 omnes
839 3305 985 3368 homines
1006 3310 1226 3371 warantizabi-

73 3424 158 3481 mus,
169 3403 437 3485 acqidetabimus,
453 3408 487 3466 et
503 3403 711 3466 defendemus
726 3404 977 3486 imperpetuum.
1016 3405 1055 3466 111
1071 3405 1163 3488 cujus
1178 3409 1225 3470 rei

74 3501 314 3576 testimonium,
329 3505 394 3564 etc.

143 3691 314 3771 Omnibus,
340 3697 403 3756 etc.
448 3693 564 3755 Frater
589 3692 692 3753 Adam
720 3693 827 3754 dictus
853 3694 950 3756 abbas
970 3693 1055 3755 Novi
1081 3694 1172 3758 Mon.
1194 3701 1228 3759 11
1314 3712 1341 3753 v·

75 3789 221 3873 ejusdem
232 3789 346 3851 domus
357 3787 477 3870 (10911)
489 3794 664 3851 conventus
679 3789 713 3849 in
729 3788 879 3865 Domino,
895 3790 1042 3853 salutem.
1064 3790 1229 3855 Noveritis
1253 3770 1380 3885 {mm

75 3907 133 3948 nos
148 3906 238 3949 conc.
260 3891 294 3949 et
309 3887 456 3968 quietum
472 3885 624 3946 clamasse
639 3904 697 3966 pro
713 3885 804 3947 nobis
820 3890 853 3947 11
868 3887 1099 3950 successoribus
1113 3889 1230 3951 nostris
1254 3851 1405 3977 ofeflerforb

76 3984 112 4045 in
126 4003 218 4065 perp.
231 3981 371 4045 Roberto
386 3982 455 4043 filio
472 3981 591 4063 Rogeri
606 3985 641 4043 et
661 3980 727 4044 her.
744 3982 818 4058 suis,
834 3987 941 4044 totum
952 3982 1057 4064 juset
1072 3985 1230 4047 clameum
1255 3967 1324 4025 taes,
1337 3966 1399 4017 ’ΠΨ

77 4078 164 4161 quod
179 4078 353 4141 habuimus
380 4077 430 4140 vel
454 4078 572 4139 habere
597 4077 763 4159 potuimus
787 4079 822 4139 in
847 4078 1053 4141 Herfordeles
1077 4100 1134 4162 per
1159 4102 1231 4144 suas
1254 4048 1365 4148 11311ῗῖ

77 4180 182 4236 rectas
197 4175 328 4251 divisas,
345 4174 432 4236 salva
446 4178 557 4236 tamen
572 4172 664 4234 nobis
679 4177 713 4233 et
734 4175 966 4236 successoribus
980 4177 1097 4237 nostris
1113 4177 1231 4260 imper·
1256 4180 1380 4240 common-

78 4275 218 4354 petuum
233 4291 405 4333 commune
419 4275 558 4352 pasturae
572 4268 656 4330 infra
671 4269 798 4330 easdem
822 4269 949 4344 divisas,
976 4270 1095 4352 ubique
1119 4278 1152 4335 et
1177 4295 1233 4357 per
1257 4231 1368 4347 ffb„

79 4374 188 4430 totum
203 4388 338 4446 annum,
352 4369 394 4431 ad
418 4368 529 4431 decem
552 4365 648 4428 boves
675 4370 709 4428 11
735 4370 872 4446 quatuor
888 4387 997 4429 vaccas
1024 4388 1098 4431 cum
1123 4371 1233 4434 vitulis
1262 4367 1335 4414 1250.

80 4466 267 4541 earundem,
283 4464 385 4530 donec
404 4468 668 4548 superannentur‚
687 4483 762 4525 cum
784 4462 885 4526 libero
900 4464 1044 4548 ingressu
1059 4471 1093 4530 et
1108 4484 1236 4552 egressu
