2940 5048
195 256 242 328 14

259 470 277 502 Χ

811 267 1086 320 CHARTULARIUM

435 439 548 504 Sciant
562 444 743 521 praesentes,
757 443 819 501 etc.
845 438 931 519 quod
946 457 1002 500 nos
1024 436 1188 500 Johannes
1205 435 1304 499 abbas
1326 434 1413 498 Nori
1443 441 1470 490 ol

191 518 320 648 ξιξᾝὲ
370 541 405 598 et
428 536 572 619 ejusdem
595 534 658 597 loci
682 534 781 599 Conv.
804 535 951 597 dedimus
973 540 1007 596 ct
1033 533 1245 596 concessimus
1266 531 1434 595 Willelmo
1465 539 1470 587 t

191 651 312 702 andland
371 632 529 695 Willclmi
544 631 584 694 de
599 631 738 707 Denum,
753 651 854 694 unum
869 631 1071 713 mesuagium
1085 629 1210 693 invilla
1223 630 1264 693 de
1278 628 1466 712 Riplingto

191 717 297 840 1211111311
300 733 344 781 11·ιέ
368 751 389 792 x
404 750 492 792 acras
509 734 601 791 terrae
615 726 675 789 et
660 748 675 810 J
693 728 829 790 rodam
819 747 855 789 m
870 747 1026 837 campoJ
998 748 1016 789 e
1019 726 1142 789 usdem
1158 726 1245 790 villae
1267 745 1344 787 cum
1358 725 1468 808 pertin

191 851 232 898 wi
235 851 261 899 ll
272 849 304 898 ds

191 917 230 966 Do
231 932 298 965 num

369 827 428 889 ciis
443 827 518 901 suis,
534 824 616 887 illud
632 823 759 887 scilicet
774 825 991 906 messuagium
1009 823 1096 904 quod
1118 823 1218 887 situm
1240 828 1289 885 est
1310 821 1452 904 propinq

368 943 476 986 versus
498 923 655 986 orientem
678 941 718 983 ex
740 920 917 1003 aquilonali
933 925 1026 1003 parte
1042 918 1139 997 villae,
1154 920 1222 983 et
1212 919 1249 1001 1ij
1266 938 1355 981 acras
1402 946 1410 971 ·.
1452 946 1470 972 2·-

368 1019 540 1081 dimidiam
562 1018 603 1081 ad
625 1017 655 1079 le
677 1016 875 1100 Langerode,
890 1017 956 1078 et
947 1016 983 1099 iij
1008 1036 1095 1079 acras
1105 1015 1202 1098 juxta
1216 1015 1377 1098 petariam
1393 1034 1465 1097 pro

368 1117 495 1196 quiores
511 1135 619 1178 versus
633 1112 827 1196 aquilonem,
842 1116 876 1176 et
886 1111 901 1195 j
918 1132 1025 1175 acram
1039 1116 1072 1174 et
1088 1111 1259 1174 dimidiam
1279 1110 1321 1172 ad
1336 1110 1468 1173 Henna

368 1216 436 1273 etv
453 1212 543 1274 rodas
565 1210 605 1274 ad
627 1210 658 1273 le
674 1209 850 1288 Garebrad‚
866 1209 924 1291 etj
942 1228 1050 1272 acram
1065 1208 1106 1271 ad
1120 1207 1152 1270 le
1168 1206 1356 1270 Harestane.
1380 1206 1470 1269 Ten

368 1313 403 1370 et
417 1307 552 1370 habend.
568 1307 631 1369 sibi
647 1312 681 1368 et
696 1305 868 1368 heredibus
890 1305 955 1367 suis
977 1304 1018 1367 de
1040 1324 1169 1387 corpore
1192 1324 1248 1366 suo
1270 1302 1463 1365 exeuntibus

367 1405 459 1467 nobis
481 1409 516 1467 et
538 1402 769 1465 successoribus
783 1403 899 1464 nostris
915 1403 948 1463 in
966 1407 1168 1483 perpetuum,
1183 1400 1346 1463 reddendo
1367 1399 1445 1462 inde

368 1501 497 1562 unatim
511 1499 604 1562 nobis
620 1503 653 1560 et
669 1498 898 1560 successoribus
913 1499 1031 1559 nostris
1046 1497 1082 1579 iij
1111 1496 1226 1559 solidos
1240 1497 1368 1579 argenti
1383 1496 1426 1558 ad
1445 1495 1467 1558 d

369 1598 446 1658 anni
470 1595 637 1669 terminos,
653 1592 806 1657 videlicet
829 1594 1041 1656 medietatem
1064 1593 1105 1655 ad
1128 1593 1352 1667 Pentecosten,
1366 1596 1403 1655 et
1423 1591 1467 1654 al‘

368 1692 409 1753 ad
425 1692 544 1754 festum
559 1690 671 1754 Sancti
686 1689 824 1751 Martini
839 1690 874 1751 in
901 1690 1007 1751 hieme
1034 1689 1102 1772 (ob)
1127 1709 1184 1771 pro
1205 1689 1356 1752 omnibus
1379 1690 1463 1751 servi

368 1788 461 1850 nobis
485 1795 521 1851 et
546 1786 775 1849 successoribus
801 1787 917 1848 nostris
947 1786 1194 1868 pertinentibus,
1218 1785 1364 1848 faciendo
1394 1786 1428 1847 in
1464 1812 1468 1838 ι

369 1886 503 1948 servicia
518 1886 545 1947 si
560 1883 689 1967 quando
704 1883 744 1945 de
759 1883 856 1946 dictis
871 1884 1065 1946 tenementis
1088 1882 1254 1946 debentur.
1300 1881 1342 1945 In
1356 1881 1449 1966 cujus

369 1982 531 2045 Testibus.

437 2175 605 2237 Omnibus.
652 2173 797 2256 Reganus
821 2173 919 2236 abbas
949 2172 1035 2234 Novi
1050 2171 1241 2234 Monasterii
1266 2174 1301 2234 et
1324 2169 1470 2234 Conven

371 2270 509 2334 salutem
539 2272 575 2331 in
605 2268 755 2331 Domino.
816 2269 935 2331 Sciatis
964 2289 1022 2330 nos
1051 2268 1215 2330 communi
1244 2265 1378 2329 consilio
1407 2266 1465 2329 do

219 2403 261 2434 aso
273 2403 288 2434 a
370 2374 488 2431 nostrie
503 2368 663 2430 dimisisse
678 2365 720 2427 ad
735 2365 820 2428 feodi
836 2366 963 2427 firmam
979 2366 1057 2428 Adae
1072 2364 1140 2427 filio
1154 2364 1291 2427 Walteri
1314 2362 1377 2426 filii
1401 2364 1470 2438 Ros

194 2468 321 2566 ‘mg
371 2465 411 2526 de
427 2464 553 2525 Benton
580 2467 614 2524 et
636 2460 806 2523 heredibus
833 2463 899 2523 suis
936 2482 1038 2524 unum
1078 2461 1280 2543 mesuagium
1308 2461 1345 2521 in
1370 2460 1451 2523 villa

370 2560 562 2643 Riplington
578 2562 611 2620 et
626 2578 647 2619 x
662 2577 751 2619 acras
765 2562 861 2621 terrae
875 2564 910 2620 et
920 2556 934 2639 j
952 2557 1063 2620 rodam
1078 2558 1114 2619 in
1133 2576 1247 2639 eampo
1261 2555 1407 2638 ejusdem
1422 2554 1469 2619 vil

372 2656 453 2719 illud
470 2655 594 2718 scilicet
609 2654 810 2736 mesuagium
824 2654 910 2736 quod
926 2654 1085 2716 Robertus
1105 2653 1146 2715 de
1167 2653 1199 2715 N
1200 2652 1334 2716 etilham
1356 2672 1458 2735 quon·

370 2754 480 2815 tenuit
494 2752 529 2813 in
544 2751 656 2814 eadem
671 2749 760 2826 villa,
771 2756 804 2813 et
820 2751 856 2833 iij
875 2771 962 2813 acras
978 2756 1071 2813 terrae
1085 2755 1120 2812 et
1129 2749 1300 2812 dimidiam
1310 2749 1351 2811 ad
1363 2748 1395 2811 le
1410 2748 1470 2811 Lai

370 2848 458 2923 rode,
474 2853 508 2909 et
534 2847 570 2928 iij
596 2867 683 2908 aeras
706 2851 800 2909 terrra
818 2845 915 2927 juxta
937 2846 1094 2929 patariam
1121 2846 1384 2928 propinquiorem
1411 2865 1467 2907 ver

370 2944 566 3025 aquilonem,
582 2948 616 3005 et
633 2942 648 3025 j
674 2942 785 3004 rodam
807 2939 888 3026 (sio)
908 2961 1016 3003 acram
1031 2946 1065 3003 et
1080 2941 1252 3004 dimidiam
1267 2941 1308 3005 ad
1323 2939 1444 3003 Henfla

371 3062 390 3101 v
407 3041 498 3102 rodas
513 3039 554 3101 ad
570 3038 600 3101 le
618 3038 792 3115 Garbrade,
807 3044 842 3100 et
848 3038 863 3121 j
881 3058 989 3100 acram
1003 3038 1044 3100 ad
1059 3037 1091 3099 le
1106 3037 1281 3101 Harstann.
1327 3037 1459 3122 Tenend

371 3136 507 3199 habend.
523 3136 564 3198 de
578 3135 670 3197 nobis
686 3141 720 3197 et
736 3135 966 3197 successoribus
981 3135 1098 3196 nostris
1121 3135 1183 3197 sibi
1206 3138 1240 3197 et
1261 3133 1432 3196 heredibus
1459 3162 1464 3189 :

370 3253 444 3294 cum
460 3232 608 3294 omnibus
624 3232 832 3314 pertinenciis
847 3232 922 3307 suis,
938 3230 1144 3293 libertatibus
1152 3234 1186 3292 et
1194 3230 1391 3308 asiamentis,
1407 3230 1448 3292 li
1462 3258 1470 3286 ι

370 3331 491 3411 quiete,
507 3329 597 3405 bene,
621 3334 655 3389 et
679 3330 713 3389 in
736 3348 825 3409 pace.
875 3326 1051 3389 Reddendo
1078 3327 1153 3388 inde
1177 3327 1346 3388 annuatim
1371 3326 1464 3389 nobis

371 3426 600 3487 successoribus
621 3425 737 3486 nostris
753 3425 822 3505 ipse
846 3429 881 3485 et
907 3423 1038 3485 heredes
1062 3424 1112 3484 sui
1137 3443 1157 3485 v
1181 3422 1299 3485 solidos
1322 3422 1451 3505 argenti

371 3523 449 3582 duos
465 3523 542 3581 anni
558 3522 722 3596 terminos,
739 3518 873 3595 scilicet,
889 3518 968 3579 duos
986 3518 1102 3580 solidos
1118 3524 1152 3580 et
1167 3518 1196 3600 vj
1214 3519 1360 3580 denarios
1374 3518 1416 3580 ad
1432 3518 1470 3581 P:

371 3623 528 3689 tecosten‚
544 3619 578 3676 et
593 3614 616 3696 ij
634 3614 691 3675 sol.
708 3620 741 3675 et
756 3613 786 3695 vj
806 3613 1029 3675 dedicatum
1046 3613 1158 3677 Sancti
1182 3614 1320 3676 Martini
1343 3614 1379 3675 in
1399 3615 1464 3698 hye

372 3731 430 3793 pro
444 3710 593 3772 omnibus
608 3709 712 3786 rebus,
728 3709 961 3785 exaccionibus‚
977 3714 1011 3771 et
1024 3710 1202 3786 domandis,
1218 3731 1289 3792 quae
1303 3710 1345 3772 ad
1365 3731 1424 3774 nos
1455 3740 1461 3765 ι

372 3810 491 3869 tinent.
536 3805 589 3867 Ita
603 3809 714 3867 tamen
728 3806 814 3887 quod
831 3826 904 3867 oum
920 3805 1025 3867 dietus
1041 3806 1145 3868 Adam
1164 3806 1215 3869 vel
1230 3806 1348 3890 aliquis
1362 3806 1460 3871 hered

372 3924 501 3966 suorum
530 3903 565 3963 in
595 3902 663 3965 fata
686 3902 877 3978 discesserit,
902 3901 1000 3964 abbas
1030 3901 1114 3964 Novi
1152 3902 1346 3965 Monasterii
1376 3905 1434 3985 qui
1468 3936 1470 3979 2

372 4008 516 4082 tempore
547 3999 644 4061 fuerit
675 4000 813 4082 primam
844 3999 981 4061 aesinam
1010 3998 1138 4061 habeat.
1184 4000 1229 4063 Et
1252 4019 1362 4062 omnes
1383 4000 1427 4063 he
1450 4029 1470 4057 ιι

372 4099 452 4159 dicti
470 4097 547 4159 Adae
569 4097 692 4158 dabunt
707 4117 765 4178 pro
789 4096 907 4159 relevio
930 4116 950 4157 x
967 4116 1003 4172 s.‚
1029 4115 1088 4158 nec
1110 4096 1223 4159 licebit
1245 4097 1335 4159 dicto
1357 4098 1438 4162 Adae

372 4194 542 4255 heredibus
557 4192 681 4254 dietum
696 4193 898 4276 mesuagium
913 4193 963 4255 vel
984 4192 1106 4255 dictam
1132 4199 1251 4256 terram
1277 4194 1446 4258 invadiare
1467 4226 1470 4251 ;

372 4288 507 4350 vendere
535 4287 585 4350 vel
607 4288 715 4371 aliquo
737 4288 832 4351 modo
854 4288 922 4350 sine
946 4308 1100 4351 consensu
1122 4290 1249 4353 abbatis
1275 4289 1360 4353 Novi
1387 4292 1467 4356 Mon

372 4386 459 4445 terii.
