2940 5048
451 328 499 381 Da
522 326 618 381 NOVO
644 326 880 380 noassraam.

74 498 191 560 ventui
217 517 337 561 omnes
363 500 398 560 et
423 497 566 579 singulos
590 497 713 559 fructus
737 501 771 559 et
796 500 969 579 proventus
994 495 1166 558 decimales
1195 494 1237 556 de

76 594 243 678 praedictis
273 593 355 656 locis
384 595 553 658 annuatim
576 594 803 676 provenientes
833 593 913 655 dant
938 599 973 654 et
997 592 1176 654 concedunt
1201 592 1237 653 in

74 691 182 753 forma
204 689 406 773 supradicta,
419 691 545 774 proviso
567 695 678 753 tamen
694 689 779 770 qnod
801 688 967 752 saeculares
989 689 1024 750 in
1047 688 1143 750 dictis
1158 687 1238 749 locis

76 787 201 850 Abbati
216 792 251 850 et
261 785 445 851 conventui
453 786 668 848 deservientes
683 806 741 868 per
755 785 924 868 praedictos
939 785 1103 867 religiosos
1115 785 1237 845 virtute

78 885 173 946 istius
198 884 445 966 composicionis
468 882 603 945 minime
625 881 856 964 prohibeantur
879 882 958 964 quin
979 881 1167 955 oblaciones,
1182 879 1239 941 ob-

79 979 265 1055 venciones‚
288 979 477 1054 mortuaria,
500 977 641 1040 decimas
668 998 739 1039 suas
764 997 967 1060 quascunque
991 976 1073 1038 inibi
1097 975 1238 1038 ecclesias

80 1073 263 1158 parochiali
276 1074 318 1136 dc
332 1070 431 1158 (22a)
446 1072 629 1137 Ponteland
651 1072 692 1135 ad
714 1072 847 1154 plenum
869 1072 1062 1154 persolvant.
1108 1072 1195 1134 Item
1211 1073 1238 1133 si
1263 1082 1394 1159 ¹Provision

82 1172 256 1253 contingat
269 1169 441 1252 praedictos
456 1169 616 1232 Abbatem
638 1174 674 1232 ct
696 1168 897 1232 Conventnm
919 1168 954 1229 in
976 1168 1135 1230 solucione
1159 1188 1238 1250 prae-
1263 1166 1289 1198 ¹¹¹
1302 1150 1397 1199 ΜΝ
1452 1167 1455 1174 ’

83 1268 172 1329 dicta
186 1266 229 1329 ad
243 1266 389 1349 aliquem
411 1267 462 1328 sui
483 1267 696 1328 terminorum
718 1265 853 1327 deficere
876 1264 910 1325 in
926 1269 996 1326 toto
1012 1264 1062 1326 vel
1085 1265 1119 1325 in
1135 1269 1238 1345 parte,
1263 1231 1384 1331 {pff-

83 1370 203 1426 extunc
225 1362 328 1425 liceat
350 1362 512 1444 praedictis
534 1362 660 1424 custodi
682 1360 840 1423 scolarum
862 1366 896 1421 et
918 1360 1069 1421 fratribus
1095 1360 1239 1440 integras

83 1461 225 1522 decimas
239 1458 409 1521 fructuum
423 1464 458 1521 et
473 1464 688 1540 proventuum
703 1458 743 1520 de
765 1456 914 1518 omnibus
929 1463 963 1519 et
986 1456 1122 1538 singulis
1145 1457 1239 1518 terris

83 1556 337 1640 possessionibus
360 1555 523 1637 praedictis
544 1553 806 1637 provenientibus
829 1553 863 1614 in
878 1553 956 1634 ipsis
977 1553 1141 1634 speciebus
1156 1553 1240 1614 fruo-

80 1640 178 1715 'tunm
202 1658 236 1714 et
259 1656 478 1734 proventuum
503 1652 632 1733 exigere
657 1655 692 1714 et
714 1650 831 1712 habere
854 1649 881 1711 si
896 1650 1060 1712 videbitur
1079 1650 1238 1732 expedire.

86 1748 126 1810 In
141 1747 232 1831 cnjus
246 1749 298 1811 rei
313 1747 550 1824 testimonium,
566 1751 629 1810 etc.

539 2032 798 2100 OHOPWaaL.

154 2230 251 2314 Hugo
274 2228 340 2292 Dei
355 2228 464 2310 gracia
485 2227 712 2290 Dunelmensis
730 2229 906 2310 episcopus,
928 2228 1077 2290 omnibus
1093 2228 1240 2291 salutem.
1298 2242 1347 2308 vju·
1360 2242 1382 2309 j·

86 2325 211 2388 Notum
236 2328 283 2388 sit
309 2324 401 2386 vobis
427 2344 484 2385 nos
507 2324 634 2386 dedet
658 2345 746 2385 conc.
769 2324 929 2387 Roberto¹
947 2325 1029 2386 Abb.
1045 2325 1130 2387 Novi
1150 2326 1240 2387 Mon.
1266 2311 1383 2376 Duplam

87 2422 221 2504 cjusque
235 2419 478 2494 successoribus,
493 2426 527 2481 et
543 2439 605 2481 mo.
621 2419 745 2482 ibidem
761 2419 829 2481 Deo
845 2421 1067 2498 servientibus,
1076 2423 1111 2482 in
1126 2442 1197 2504 pur.
1208 2428 1242 2483 et
1266 2383 1348 2492 td‘rrssn,
1359 2443 1388 2492 of

89 2538 180 2600 perp.
196 2517 237 2578 el.
254 2514 449 2598 Cheppwell,
464 2535 539 2576 cum
557 2534 642 2576 omn.
659 2517 777 2597 pertin.
794 2517 859 2577 suis
882 2517 917 2577 in
932 2516 1025 2578 bosco
1047 2522 1082 2580 et
1095 2518 1192 2600 plano
1208 2519 1242 2580 in
1267 2509 1401 2571 ⁰¹¹⁰W⁰¹¹2

89 2614 193 2696 pratis
207 2620 242 2677 et
256 2614 395 2696 pascuis,
410 2614 446 2674 in
461 2612 552 2693 aquis
568 2617 602 2673 et
617 2611 811 2673 molendinis
832 2632 888 2693 per
903 2613 960 2674 has
976 2614 1102 2690 divisas,
1119 2615 1243 2677 scilicet
1267 2575 1375 2704 ἓξὲξ

90 2730 112 2771 a
127 2710 217 2772 fonte
232 2711 290 2790 qui
307 2708 429 2770 dicitur
438 2705 634 2769 Milkewelle
644 2707 736 2769 sicud
750 2709 853 2769 currit
868 2709 902 2769 in
919 2708 1152 2785 Derewentam,
1167 2718 1201 2773 et
1223 2731 1243 2773 a

90 2805 251 2887 superiori
267 2809 358 2886 parte
384 2824 441 2886 per
456 2803 544 2864 viam
559 2823 630 2884 quae
645 2803 765 2864 dicitur
781 2802 964 2886 Ledehepes
980 2827 1065 2887 weye
1087 2807 1243 2888 usquead

91 2921 208 2962 nemus
220 2900 305 2981 quod
315 2906 448 2961 vocatur
453 2897 680 2975 Fulscaleside,
685 2899 775 2961 sicud
785 2920 916 2982 campus
926 2905 960 2963 et·
970 2903 1050 2962 silva
1061 2901 1244 2964 adunantur

91 3016 196 3078 usque
211 2996 247 3057 in
262 2994 468 3078 Lynneburn.
514 2995 558 3055 Et
573 3014 630 3076 per
647 2995 786 3057 ermdem
806 2996 947 3058 rivulum
969 2998 1121 3079 usquead
1138 2999 1244 3061 Rude-

92 3092 196 3169 forde,
224 3096 259 3154 et
284 3092 400 3154 exinde
423 3111 481 3173 per
504 3090 590 3152 viam
615 3110 716 3172 usque
742 3089 784 3152 ad
810 3092 1089 3174 Hangandeswell,
1110 3101 1144 3156 et
1168 3096 1244 3157 inde

91 3206 195 3269 usque
220 3187 263 3249 ad
286 3185 526 3249 Gladenebefde
549 3206 649 3267 usque
672 3186 714 3247 ad
737 3186 877 3264 Fifakes,
893 3194 927 3250 et
949 3189 1064 3251 deinde
1086 3211 1143 3272 per
1159 3193 1244 3252 viam

92 3305 167 3366 quae
183 3284 304 3346 dicitur
319 3284 517 3346 Lincestrete
532 3303 631 3364 usque
646 3282 681 3344 in
696 3284 814 3346 vadum
831 3285 870 3347 de
887 3285 996 3362 Lince,
1011 3291 1045 3347 et
1060 3307 1099 3347 ex
1111 3288 1244 3350 australi

93 3387 189 3464 parte
205 3380 245 3442 de
260 3379 410 3442 Dervent
424 3400 444 3441 a
458 3379 603 3461 Birdenq
613 3400 712 3460 usque
727 3381 768 3442 ad
784 3402 902 3463 aquam
919 3402 988 3462 quae
1006 3388 1136 3443 vocatur
1160 3383 1245 3445 Pont
1269 3408 1318 3456 and
1330 3407 1358 3456 of

95 3479 132 3538 in
148 3475 296 3558 longum,
312 3481 345 3537 et
360 3475 395 3536 in
411 3475 516 3536 latum
538 3495 557 3536 a
572 3476 728 3556 praedicta
750 3475 899 3538 Derwent
923 3499 1021 3560 usque
1037 3478 1077 3540 ad
1092 3479 1244 3542 fossatum

96 3593 169 3654 quae
199 3592 238 3634 ex
268 3571 469 3634 concessione
498 3576 608 3633 nostra
637 3571 789 3634 fecerunt.
836 3573 889 3635 Ita
918 3574 1002 3656 quod
1032 3581 1245 3638 transversum

96 3670 200 3752 ipsius
215 3667 401 3729 latitudinis
417 3667 552 3729 duarum
568 3667 837 3748 quadratenarum
860 3671 905 3732 sit
919 3672 953 3731 in
977 3672 1042 3734 hiis
1056 3672 1145 3747 locis,
1161 3673 1247 3735 scili·

96 3772 159 3839 cet,
175 3765 319 3846 primum
341 3768 556 3826 transversum
578 3782 598 3825 a
620 3763 741 3824 Birden
762 3784 885 3826 sursum
901 3774 1056 3844 sumatur,
1072 3770 1245 3833 secundum

97 3862 231 3944 quidem
248 3865 360 3922 contra
375 3859 585 3936 Histlibalcb‚
608 3860 746 3921 tercium
761 3860 818 3922 ubi
842 3882 937 3943 rupes
960 3863 1057 3926 rubea
1081 3865 1247 3927 descendit

97 3960 131 4019 in
147 3958 311 4030 Derwent,
326 3959 360 4017 et
375 3956 450 4018 inde
466 3976 522 4038 per
538 3956 730 4037 praedictum
745 3955 898 4018 fossatum
914 3980 1012 4040 usquc
1032 3961 1066 4021 in
1082 3960 1177 4038 Pont,
1189 3962 1245 4024 ubi

97 4061 251 4136 quartum
266 4058 483 4113 transversum
499 4051 543 4112 sit
565 4050 699 4112 duarum
724 4051 1003 4132 quadratenarum.
1050 4056 1093 4118 Et
1116 4057 1247 4140 insuper

99 4152 219 4213 eisdem
237 4168 304 4211 mo.
321 4148 469 4209 dedimus
483 4146 600 4209 salinas
615 4167 710 4229 super
731 4147 878 4210 Blitham
893 4151 928 4210 in
944 4150 1193 4235 Bellingtonesir
1212 4162 1247 4219 et
1272 4157 1405 4207 saltworka

99 4267 214 4329 aquam
231 4264 332 4327 quam
348 4243 530 4305 habuerunt
544 4248 689 4324 tempore
711 4243 845 4306 Roberti
861 4247 900 4307 de
924 4246 1122 4331 Bellignton.
1168 4253 1247 4315 Haec
1272 4223 1372 4352 {QZ
1386 4289 1411 4338 in

98 4346 203 4407 omnia
220 4340 410 4424 supradicta
425 4340 527 4402 libera
542 4345 576 4402 et
591 4340 702 4422 quieta
724 4341 765 4402 ab
780 4344 868 4404 omni
892 4345 1035 4408 saeculari
1057 4350 1191 4413 servicio
1215 4356 1248 4414 et
1274 4355 1401 4419 mahange

336 4472 345 4503 ¹
365 4469 406 4526 St.
421 4468 531 4540 Robert,
544 4469 590 4524 tha
600 4470 659 4525 first
672 4469 761 4540 abbot,
775 4486 829 4526 aa.
844 4473 1010 4531 llas-1159.
1273 4421 1397 4549 {idgdd’d
