2940 5048
440 341 487 394 DE
510 342 606 396 NOVO
631 343 866 397 Monasnanlo

61 514 163 573 terras
179 510 290 573 cultas
304 530 366 574 nec
381 511 505 575 audivit
519 512 606 594 qnod
621 513 718 577 cultae
740 513 871 576 fuenmt
886 514 927 576 ab
942 513 1050 596 aliquo
1067 515 1123 597 qui
1138 516 1222 577 vidit

62 626 113 669 eas
128 606 250 669 cultas.

128 702 275 765 Thomas
290 704 331 766 de
351 703 544 782 Witteman,
567 704 744 768 Waldeuus
770 705 810 768 de
837 707 985 783 Rectam,
1012 706 1155 768 Aldeuus
1180 707 1221 770 de

66 799 255 874 Alribnrne‚
278 799 442 862 Elwaldus
456 800 496 862 de
510 800 668 865 Wortone
678 802 785 885 jurati
801 803 1044 865 concordantia
1072 804 1222 865 omnibus

65 917 140 959 cum
155 896 324 959 Willelmo
338 896 380 959 de
393 897 579 979 Brigobam.

133 992 197 1055 Isti
213 994 440 1075 praenominati
455 994 633 1056 examinati
655 992 786 1056 fuerunt
808 1015 903 1075 super
917 995 1138 1058 declaracione
1160 1016 1218 1057 no-

67 1088 190 1151 valium
212 1090 440 1152 monachornm
462 1090 547 1152 Novi
570 1089 760 1152 Monasterii
784 1092 819 1152 in
843 1092 1002 1152 territorio
1021 1091 1061 1152 de
1081 1092 1219 1154 Kestern

61 1180 159 1267 juxta
184 1184 334 1262 Werihil,
364 1206 468 1248 coram
498 1187 574 1248 viris
596 1187 817 1267 prudentibus,
844 1187 986 1249 Roberto
1014 1187 1219 1266 Mantaland,

66 1286 191 1344 rectore
206 1281 348 1344 ecclesiae
364 1282 404 1343 de
419 1282 535 1360 Eland,
550 1283 692 1344 Waltero
710 1283 854 1363 Hayron‚
875 1288 995 1345 rectore
1019 1283 1159 1346 ecclesiia
1179 1285 1219 1347 de

66 1376 184 1451 Forda,
194 1375 217 1439 J
218 1376 343 1439 ohanne
358 1377 491 1461 Duling,
503 1379 622 1441 vicario
636 1379 676 1441 de
688 1379 871 1454 Neuburne,
883 1380 1029 1443 ‚Iohanne
1044 1380 1084 1442 de
1099 1381 1218 1443 Littel-

66 1472 151 1552 weil,
166 1472 284 1547 milite,
300 1474 425 1556 Rogero
440 1474 480 1536 de
498 1474 644 1557 Horaely,
660 1475 717 1557 qui
733 1476 828 1537 electi
846 1476 986 1550 inomni,
1002 1477 1043 1539 de
1065 1498 1218 1539 consensu

65 1568 194 1630 abbatia
208 1574 242 1630 et
257 1570 485 1632 monachornm
500 1591 539 1632 ex
554 1591 617 1633 una
634 1576 724 1652 parte
740 1578 773 1633 et
789 1571 919 1633 Ricardi
935 1578 1013 1634 tunc
1030 1574 1161 1634 rectoris
1177 1574 1217 1635 de

65 1663 218 1727 Rotbbiri
241 1685 280 1727 ex
306 1665 418 1740 altera,
441 1665 484 1727 ad
509 1667 697 1748 praedictam
724 1669 999 1729 examinacionem
1026 1669 1215 1730 faciendam.

65 1759 112 1822 Et
138 1761 174 1823 in
201 1762 425 1823 testimoninm
456 1763 648 1844 praescriptae
678 1765 927 1825 examinacionis
959 1762 1097 1825 fideliter
1123 1766 1216 1827 factae
1242 1784 1306 1848 Aug.
1320 1787 1359 1841 24,

65 1860 217 1941 praeaeuti
251 1860 371 1941 scripto
401 1860 463 1921 viri
497 1862 722 1941 praenominati
756 1862 865 1944 sigilla
899 1881 955 1923 sua
988 1868 1215 1942 apposuerunt.
1241 1864 1291 1902 an.
1306 1854 1377 1904 ¹²⁴⁸·

63 1953 185 2016 Actum
197 1955 250 2017 die
262 1954 372 2017 Sancti
385 1954 603 2018 Bartholomei
614 1976 699 2020 anno
710 1959 827 2039 graciae
835 1965 893 2021 m0.
905 1964 964 2019 cc⁰.
974 1957 1217 2038 quadragesimo

64 2056 198 2127 octav03
212 2049 299 2133 apud
314 2050 475 2114 Wen'bill.

129 2245 223 2308 Anno
231 2244 484 2308 Dnimillesimo
494 2252 543 2306 cc⁰
551 2248 757 2327 nonagesimo
767 2251 865 2320 sexto,
875 2246 927 2308 die
940 2244 1050 2308 Sancti
1061 2246 1215 2309 Barnabae
1240 2234 1350 2351 Junixiji

61 2340 212 2423 apostoli,
237 2340 323 2403 facta
345 2346 394 2402 eat
417 2340 584 2403 concordia
610 2343 695 2403 inter
717 2343 915 2404 venerabiles
941 2343 1025 2404 viros
1048 2342 1214 2404 dominum
1239 2381 1289 2416 Μ),
1305 2371 1376 2419 1296.

60 2434 245 2500 Johannem
255 2436 407 2499 abbatem
428 2436 512 2498 Novi
525 2437 716 2499 Monaaterii
730 2447 765 2499 et
780 2437 807 2518 ej
813 2438 923 2499 uadem
935 2436 998 2499 loci
1014 2437 1214 2501 Conventum
1239 2433 1391 2495 agreement

60 2536 332 2615 expartennaet
341 2533 533 2614 magistrum
542 2532 699 2595 Jacobum
709 2533 748 2594 de
761 2533 901 2614 Iupania,
908 2540 1062 2596 rectorem
1073 2534 1214 2597 ecclcsiae
1239 2498 1364 2614 lffetffi.

60 2628 103 2691 dc
116 2626 300 2710 Routbbiry
310 2648 349 2690 ex
364 2627 476 2705 altera,
491 2648 585 2712 super
599 2630 813 2691 controversia
826 2631 912 2691 iuter
926 2630 1052 2692 eosdem
1067 2637 1158 2693 mota
1173 2630 1213 2692 de
1238 2632 1391 2697 “³1¹³be

59 2724 254 2808 quibusdam
275 2723 410 2786 decimis
431 2724 602 2807 garbarum
625 2730 658 2786 et
673 2725 753 2787 foeni
768 2726 804 2786 in
820 2727 990 2787 territoriis
1004 2728 1211 2809 grangiarum
1237 2696 1359 2811 fficdwtffif

59 2820 223 2884 dictorum
242 2820 370 2883 abbatis
390 2825 424 2882 et
444 2827 618 2883 conventus
640 2822 680 2883 de
710 2822 848 2884 Kestem
869 2829 903 2885 et
926 2823 1089 2902 Werihill‚
1113 2823 1210 2902 (tab)
1236 2827 1378 2903 nortbury,

59 2915 316 2991 subhacforma3
326 2916 445 2979 ‘Abbae
456 2918 627 2999 praedictus
637 2937 693 2999 pro
704 2939 736 2980 se
748 2925 783 2980 et
794 2918 927 2981 ecclesia
938 2941 1004 2997 sua,
1014 2925 1048 2981 et
1057 2921 1210 3001 magister
1234 2892 1391 3009 ffiffl

59 3010 201 3077 Jacnbua
216 3032 274 3095 pro
288 3031 322 3073 sc
335 3018 370 3074 et
381 3012 590 3089 ecclesiam,
603 3014 661 3075 hos
676 3013 812 3077 arbitros
827 3016 1022 3077 unanimiter
1032 3016 1209 3097 elegerunt,
1235 3024 1350 3074 Oaisrron

59 3108 921 3191 videlicetdominum'l'homamperpetuumvicarium
930 3112 1208 3192 deHorsely,tnnc
1232 3089 1379 3204 ffiwm'

59 3206 252 3289 magistrum
260 3205 450 3268 monialium
460 3205 500 3267 de
509 3205 869 3287 Haliatane,Hugonem
877 3206 1208 3282 Galonum‚Thomam

60 3300 188 3365 Scotde
199 3300 364 3377 Wartono,
374 3300 478 3364 Adam
489 3300 594 3363 filium
603 3302 763 3365 Ronlandi
776 3301 816 3364 de
826 3303 978 3365 Wartone
986 3309 1020 3364 et
1030 3302 1210 3363 Walternm

59 3396 101 3459 de
122 3394 288 3477 Familey,
302 3397 359 3479 qui
380 3396 568 3477 praedictam
592 3399 838 3459 controversiam
863 3418 920 3480 per
944 3396 1102 3458 arbitrum
1125 3397 1210 3459 diffi-

59 3492 180 3557 nirent.
223 3492 270 3554 Et
283 3491 346 3575 ipsi
361 3493 407 3555 aic
422 3512 461 3554 ex
475 3512 629 3555 consensu
644 3494 810 3575 utriusque
826 3495 925 3576 partis
940 3493 1035 3555 electi
1050 3494 1091 3555 ad
1106 3494 1210 3555 decla-

59 3588 197 3651 randum
211 3588 382 3651 veritatem
397 3588 560 3651 dictarum
578 3589 776 3651 decimarum
795 3590 980 3672 juramenta
1002 3588 1209 3672 corporaliter

59 3682 295 3767 prutiternnt,
309 3688 342 3747 ct
358 3684 436 3765 quia
457 3690 558 3747 terras
580 3690 613 3746 et
636 3690 728 3766 prata
750 3686 790 3747 de
813 3686 928 3768 quibus
951 3693 1020 3748 erat
1042 3687 1209 3749 contencio

59 3782 171 3843 utrum
185 3784 293 3843 essent
307 3778 515 3843 decimabilca
530 3800 571 3842 an
586 3800 649 3842 non
665 3780 707 3842 ad
723 3780 854 3862 plenum
874 3802 937 3843 non
950 3787 1115 3859 noverant,
1130 3783 1210 3844 alios

61 3876 145 3939 viros
158 3872 340 3959 fidedignoa
354 3895 411 3957 per
425 3894 504 3957 quos
518 3877 565 3938 rei
581 3876 699 3937 veritas
714 3878 818 3959 magis
833 3878 907 3939 sciri
923 3879 1032 3959 potuit
1048 3877 1111 3939 sibi
1125 3898 1209 3939 asso-

60 3970 202 4047 ciebant,
215 3971 276 4053 qni
290 3976 326 4033 ct
339 3971 402 4054 ipsi
417 3972 459 4033 ad
473 3992 585 4034 verum
596 3972 769 4034 dicendum
791 3993 886 4054 super
909 3974 1088 4055 praemissis‚
1110 3975 1208 4035 tactis

59 4066 279 4141 umoaanctir,
283 4064 489 4149 juraverunt3
498 4068 582 4129 unde
592 4086 648 4148 per
659 4068 904 4150 inquisicionem
910 4068 1208 4151 diligenterfactam

60 4162 260 4225 concorditer
279 4162 441 4239 arbitrati,
450 4162 644 4223 invenerunt
659 4163 744 4244 quod
761 4169 853 4225 terrae
868 4164 1056 4245 subscriptae
1070 4165 1109 4226 de
1125 4185 1208 4229 novo

59 4256 194 4321 redactae
203 4264 281 4321 cunt
291 4258 326 4319 in
335 4257 509 4331 culturam,
519 4277 578 4320 nec
587 4257 707 4320 debent
716 4259 869 4320 decimari
885 4260 919 4320 in
934 4265 1143 4341 perpetuum:
1161 4263 1209 4324 vi·

59 4351 187 4430 delicet,
202 4354 238 4415 in
254 4352 286 4415 le
301 4351 434 4417 Cotaflat
448 4354 483 4415 in
493 4354 599 4435 capite
614 4354 764 4416 orientali
774 4360 839 4415 tres
854 4374 941 4416 acras
957 4360 1051 4419 terrae
1062 4362 1097 4419 et
1111 4358 1209 4420 dimi-

59 4446 145 4513 diam
153 4448 318 4528 rodam,in
326 4448 453 4513 cultura
461 4468 531 4531 quae
540 4453 673 4512 vocatur
681 4449 712 4512 lc
718 4449 900 4531 Wyndisid,
906 4450 963 4533 viij
974 4472 1061 4516 acras
1070 4453 1105 4536 iij
1118 4456 1209 4520 rodas
