2940 5048
440 329 489 382 DE
513 328 608 383 NOVO
633 329 869 384 uounsuuum.

68 501 173 583 praed.
190 499 282 562 Petri
296 499 496 574 continetur,
510 518 609 581 qnam
624 498 714 582 praef.
729 519 794 562 mo.
809 499 931 562 habent
957 499 997 563 de
1015 502 1112 583 prad.
1135 508 1232 567 terra.

69 598 150 658 Hiis
166 596 315 675 testibus,
330 603 395 659 etc.

141 788 280 851 Noverit
295 789 485 851 universitas
499 793 605 851 vestra
619 790 729 871 quod
719 809 755 851 m
777 788 839 851 hac
862 788 965 852 forma
983 791 1133 852 convenit
1147 791 1234 852 inter
1311 829 1336 862 1
1330 811 1360 878 ·j·

74 884 578 949 Abb.etConv.NoviMon.e1
589 905 654 947 una
668 891 770 968 parte,
786 892 820 948 et
832 886 975 948 Priorem
987 891 1021 948 et
1032 886 1233 949 Conventum
1259 882 1398 943 Agrosmn
1367 882 1411 928 ¹¹

76 983 117 1044 de
134 981 383 1043 Hertildesham
397 1002 437 1044 ex
461 981 574 1056 altera,
589 982 629 1044 de
652 983 790 1065 quadam
817 987 904 1044 terra
929 1003 1003 1043 cum
1021 984 1233 1064 pertinenciis
1258 944 1408 1060 112³th

78 1079 154 1153 sum,
169 1098 241 1159 quae
257 1082 389 1139 vocatur
404 1076 580 1153 Steldens
571 1097 606 1139 m
628 1079 788 1141 territorio
810 1079 850 1141 de
874 1078 1061 1161 Swynburn,
1083 1079 1235 1141 videlicet
1258 1094 1311 1141 0¹5·

79 1174 166 1255 quod
182 1174 310 1254 praefati
333 1172 417 1235 Abb.
433 1177 467 1235 et
489 1172 587 1236 Conv.
603 1174 687 1236 Novi
711 1174 801 1235 Mon.
817 1195 892 1235 cum
912 1175 1076 1236 communi
1098 1175 1234 1237 consilio

81 1269 217 1351 capituli
227 1270 277 1330 sni
286 1274 509 1331 concesserunt
518 1277 552 1331 et
560 1268 914 1352 dederuntpraedietam
925 1270 1234 1333 terramdeStelden

80 1386 136 1447 per
151 1370 256 1426 rectas
271 1365 390 1427 divisas
404 1383 486 1440 suas,
496 1385 571 1425 cum
586 1364 733 1427 omnibus
742 1366 949 1447 pertinenciis
963 1367 1029 1427 suis
1039 1367 1073 1427 ιιι
1088 1366 1235 1428 omnibus

82 1466 114 1522 et
144 1459 275 1542 ubique,
300 1465 399 1543 prout
428 1460 554 1542 plenius
582 1464 617 1522 et
646 1463 823 1543 expressius
852 1462 887 1523 in
916 1463 1012 1523 cartis
1042 1462 1233 1524 donatorum

82 1578 211 1618 suorum
226 1558 423 1631 continetur,
438 1557 479 1618 ad
493 1557 597 1619 dictos
612 1556 694 1635 Abb.
710 1562 745 1619 et
756 1557 854 1621 Conv.
863 1558 898 1619 in
913 1557 969 1620 lib.
983 1564 1017 1619 et
1030 1578 1120 1640 perp.
1136 1558 1178 1621 el.
1193 1559 1234 1619 de

78 1653 150 1735 jure
166 1657 370 1734 spectantem
384 1653 481 1714 dictis
496 1652 600 1714 Priori
616 1656 650 1715 et
662 1651 760 1716 (lonv.
775 1654 816 1715 de
831 1653 1076 1715 Hextildesham
1090 1655 1131 1716 ad
1147 1654 1232 1715 feodi

83 1750 208 1810 firmam
234 1747 343 1831 (3612).
400 1748 445 1810 Et
460 1749 589 1830 insuper
605 1768 809 1810 communem
824 1753 987 1831 pasturam
1002 1749 1042 1810 de
1057 1748 1233 1830 Swynbum

84 1850 115 1906 et
130 1845 170 1905 de
187 1844 397 1919 Gnnwarton,
412 1844 547 1920 scilicet,
562 1845 603 1906 ad
617 1843 666 1926 iiij
684 1864 782 1926 equos
796 1845 935 1906 domitos
950 1851 983 1906 et
998 1845 1039 1906 ad
1054 1865 1075 1905 x
1090 1845 1185 1906 boves
1200 1849 1235 1906 et

84 1961 143 2000 xxx
158 1960 271 2000 vaccas
286 1960 360 2000 cum
376 1940 488 2001 vitulis
504 1959 614 2002 earum
630 1941 730 2002 donec
752 1945 951 2021 separentur,
966 1945 1001 2001 et
1019 1940 1060 2000 ad
1084 1941 1235 2020 quadrin-

83 2042 197 2118 gentas
213 2056 287 2096 oves
302 2056 376 2096 cum
390 2037 482 2118 agnis
497 2056 607 2097 earum
621 2036 721 2097 donec
733 2040 926 2117 separentur,
942 2040 976 2096 et
990 2035 1031 2096 ad
1043 2035 1234 2116 capiendum

84 2132 183 2193 locale
198 2133 232 2192 in
252 2133 376 2212 petaria
390 2132 430 2193 de
445 2132 633 2214 Swynburn‚
649 2132 739 2193 etad
761 2131 982 2194 molendinum
1004 2131 1185 2191 faciendum
1200 2138 1235 2192 et

83 2248 177 2290 omne
200 2226 287 2288 aliud
311 2227 490 2308 proficuum
506 2248 599 2288 suum
617 2227 707 2289 sicud
730 2227 891 2289 voluerint
913 2227 997 2288 infra
1019 2247 1092 2288 suas
1106 2227 1233 2289 divisas.

82 2323 158 2385 Ten.
171 2328 207 2384 et
218 2322 292 2384 hab.
304 2323 402 2385 dictis
414 2323 519 2386 Priori
531 2328 566 2385 et
577 2321 676 2386 (lonv.
687 2323 728 2384 de
740 2320 890 2386 Hertild.
902 2325 936 2384 in
948 2323 1005 2384 lib.
1017 2343 1088 2404 pur.
1100 2325 1134 2383 et
1143 2342 1233 2404 perp.

82 2419 120 2481 el.
135 2420 171 2480 li.
189 2419 255 2500 qui.
272 2423 306 2480 et
332 2419 388 2482 sol.
405 2439 479 2480 cum
494 2439 581 2481 omn.
597 2420 715 2502 pertin.
730 2420 806 2496 suis,
829 2418 885 2482 lib.
902 2423 936 2480 et
959 2419 1069 2481 asiam.
1086 2423 1153 2480 tam
1169 2438 1234 2480 non

82 2516 258 2576 nominatis
274 2535 372 2597 quam
387 2516 575 2594 nominatis,
586 2516 621 2577 in
636 2515 784 2578 omnibus
799 2516 840 2577 ad
854 2516 977 2578 dictam
988 2515 1101 2577 villam
1112 2515 1235 2597 pcrtin-

82 2611 221 2673 entibus.
247 2611 421 2672 Reddendo
430 2612 505 2673 inde
515 2613 684 2673 annuatim
699 2611 840 2693 praelatis
851 2610 933 2672 Abb.
944 2616 977 2673 et
987 2611 1084 2675 Conv.
1096 2611 1194 2693 xxxiij
1208 2632 1233 2673 s.

84 2715 115 2768 et
124 2706 173 2788 iiij
188 2708 221 2767 d.
234 2727 293 2788 pro
308 2706 455 2768 omnibus
462 2708 618 2784 serviciis,
633 2706 926 2782 consuctudinibus,
938 2712 972 2768 et
982 2708 1148 2769 demendis
1164 2728 1235 2789 qum

84 2803 191 2884 aliqua
200 2804 326 2863 racione
335 2803 376 2863 de
386 2803 483 2884 praed.
494 2809 579 2864 terra
594 2804 715 2885 poterit
730 2803 827 2884 exigi,
838 2803 1046 2865 medietatem
1060 2804 1101 2864 ad
1118 2802 1236 2864 Pente-

84 2905 191 2961 costen
208 2902 243 2959 et
257 2886 465 2960 medietatem
479 2900 520 2961 ad
542 2899 661 2961 festum
684 2898 717 2962 S.
734 2899 869 2960 Martini
890 2900 926 2960 in
940 2899 1066 2981 hyeme,
1081 2899 1236 2980 quamdiu

84 2995 209 3076 prefati
219 2993 301 3055 Abb.
310 2998 345 3055 et
355 2993 451 3057 Conv.
461 2994 549 3077 praef.
561 3000 681 3057 terram
693 3014 768 3055 cum
776 2999 858 3077 pert.
871 2994 1078 3077 praedPriori
1090 2999 1124 3055 et
1136 2995 1234 3059 conv.

82 3092 120 3151 dc
132 3091 486 3153 He1.warantaverint.
513 3090 560 3154 Ut
570 3079 674 3174 igitur
684 3091 748 3152 ista
757 3091 950 3172 composicio
959 3092 1045 3152 inter
1053 3091 1152 3171 praed.
1163 3110 1235 3171 par-

83 3191 129 3248 tes
141 3186 236 3247 firma
248 3191 283 3248 et
293 3184 419 3248 stabilis
428 3192 625 3268 permaneat,
634 3192 668 3249 et
676 3191 868 3269 perpetuum
879 3185 974 3248 robur
985 3185 1142 3267 optineat,
1151 3192 1186 3246 et
1197 3191 1235 3247 ut

83 3283 169 3363 praef.
187 3282 283 3343 Prior
304 3287 339 3344 et
360 3283 543 3344 communia
558 3283 679 3344 eisdem
695 3282 908 3356 libertatibus,
924 3280 1186 3341 immunitatibus
1200 3285 1236 3341 et

82 3378 330 3453 defensionibus,
359 3383 429 3440 tam
454 3378 677 3441 ecclesiasticis
707 3397 803 3460 quam
826 3376 987 3452 civilibus,
1013 3375 1130 3457 quibus
1153 3377 1235 3437 dicti

84 3474 164 3535 Abb.
181 3480 216 3536 et
231 3472 330 3536 Conv.
345 3479 472 3556 possent
488 3475 539 3536 uti
554 3480 588 3537 et
603 3475 752 3557 gaudere,
767 3476 794 3536 si
817 3473 939 3535 dictam
953 3477 1071 3534 terram
1088 3472 1123 3533 in
1137 3491 1236 3533 manu

83 3589 138 3631 sua
161 3570 382 3647 retinuissent,
397 3575 531 3632 utantur
545 3575 580 3632 et
601 3570 774 3652 gaudeant,
789 3569 896 3652 sigilla
914 3569 1080 3650 utriusque
1101 3568 1236 3649 capituli

84 3665 158 3727 huic
174 3666 295 3747 scripto
320 3667 544 3750 cirographato
560 3670 636 3728 sunt
649 3665 810 3748 apposite.
855 3663 930 3727 Hiis
945 3664 1091 3742 testibus,
1105 3668 1169 3727 etc.

550 3895 773 3961 KIDLAND.

147 4049 207 4131 (37
210 4049 244 4133 a)
255 4049 366 4114 Sciant
380 4069 491 4112 omnes
501 4049 584 4113 banc
594 4048 842 4111 convencionem
857 4065 924 4109 esse
938 4046 1023 4108 inter
1037 4044 1147 4109 Abbat
1147 4045 1236 4108 hiem
1260 4041 1382 4161 ιώ

81 4146 165 4207 Νοιι
189 4146 278 4208 Mon.
301 4152 336 4209 et
359 4145 531 4209 Odnellum
550 4146 590 4207 de
615 4143 801 4221 Umfranill,
827 4142 911 4224 quod
935 4141 1060 4205 scilicet
1084 4162 1145 4224 ego
1172 4109 1339 4205 Od-Im
1261 4191 1315 4224 com
1317 4111 1382 4226 mob

81 4241 185 4302 nellus
206 4242 315 4304 dimisi
329 4242 396 4304 Deo
407 4248 441 4304 et
450 4261 536 4303 mon
546 4240 708 4323 praedictae
719 4238 887 4301 Abbathiae
897 4238 1235 4321 pasturamcujusdam
1261 4240 1349 4305 righoi
1342 4258 1368 4291 ¹¹¹

81 4338 184 4418 partis
204 4338 330 4401 forestre
353 4358 443 4414 meae,
457 4337 590 4414 scilicet,
612 4336 737 4398 Alwent
759 4339 794 4395 et
816 4333 970 4412 Kidland,
992 4355 1067 4395 cnm
1089 4336 1238 4398 omnibus
1261 4308 1384 4422 {³12de

84 4432 216 4495 collibus
239 4441 273 4498 et
295 4433 431 4498 vallibus
452 4434 492 4496 ad
504 4433 594 4495 illem
610 4430 845 4514 pertinentibus
859 4436 893 4492 et
908 4431 994 4493 intra
1008 4430 1099 4493 illum
1122 4451 1238 4494 exeun-
1262 4439 1303 4488 lan
1305 4437 1374 4487 dror
