2940 5048
773 290 1048 345 csaawmalurs
1104 338 1108 343 .

336 482 392 524 seu
416 461 569 525 clamium
593 460 724 545 aliquod
747 462 782 524 in
807 462 905 546 proed.
930 466 1005 524 terr.
1029 466 1064 522 et
1087 460 1211 523 tende
1230 464 1349 523 caetero
1363 480 1470 544 enge.

336 565 448 641 potero
463 559 514 621 vel
529 559 650 643 poterit
665 560 698 621 in
715 564 919 642 perpetuum.
965 556 1006 621 In
1021 556 1113 640 cujus
1126 556 1185 620 rei.

155 766 280 815 uranos
401 752 538 815 Thomas
553 750 637 814 filius
655 751 789 815 Roberti
813 750 881 816 Golr
906 749 1072 835 burgensis
1097 749 1182 812 Novi
1206 746 1325 829 Castri,
1339 748 1469 813 mluteo

153 832 308 962 ξῐζὲ·ῐξίῐξ81“
333 846 495 909 Noveritis
518 868 571 910 me
594 848 667 911 ded.
694 868 783 911 conc.
809 852 844 910 et
858 849 890 911 h.
906 868 938 931 p.
953 868 981 910 c.
997 866 1041 909 m.
1057 844 1142 908 conl.
1164 845 1306 909 dominis
1320 846 1401 911 Adae
1438 854 1467 900 ἰ

154 942 207 1023 tan,
221 966 254 1028 by
334 944 451 1006 vicario
467 944 506 1006 de
522 943 659 1007 Stanton
668 953 703 1007 et
713 944 852 1008 Rieardo
867 944 907 1007 de
921 942 1067 1005 Aucland
1081 940 1248 1025 capellano
1262 942 1373 1005 omnia
1387 948 1423 1005 te
1461 974 1463 996 ι

154 1030 307 1145 Ξοξιᾚῖω
332 1048 367 1104 et
381 1047 568 1104 tenemento
591 1061 663 1125 quae
678 1040 776 1105 habui
790 1062 846 1104 seu
872 1038 1095 1123 quoquomodo
1118 1037 1236 1101 habere
1251 1039 1345 1121 potui
1359 1040 1396 1103 in
1411 1040 1454 1103 vil

154 1161 297 1212 boncook
332 1138 372 1201 de
387 1138 536 1214 Stanton,
559 1159 632 1200 cum
648 1138 797 1200 omnibus
811 1138 876 1201 siris
900 1136 1118 1219 pertinenciis,
1141 1155 1213 1218 quse
1239 1134 1406 1217 quondam
1442 1164 1468 1190 ιι

332 1243 408 1296 runt
424 1234 569 1315 praedicti
581 1234 714 1296 Roberti
729 1233 829 1316 patris
844 1234 909 1295 mei
924 1234 959 1295 in
974 1231 1055 1293 villa
1069 1230 1109 1293 de
1120 1230 1330 1313 Staningtou,
1341 1232 1412 1295 sine
1421 1230 1468 1297 ull

332 1330 573 1413 inpedimento.¹
620 1330 705 1393 Hab.
721 1336 756 1394 et
771 1336 837 1392 ten.
852 1330 1006 1413 praedicta
1024 1334 1125 1391 terras
1138 1334 1171 1391 et
1186 1334 1376 1391 tenemento
1391 1330 1427 1393 di
1469 1364 1470 1374 ι

333 1428 410 1489 Adae
425 1432 459 1488 et
474 1426 544 1489 Ric.
562 1427 627 1489 her.
643 1428 707 1489 suis
722 1433 757 1490 et
771 1428 888 1509 assign.
904 1426 960 1488 lib.
975 1424 1097 1508 quiete,
1112 1423 1192 1487 b'ene
1207 1428 1242 1486 et
1252 1424 1401 1507 pacifice,
1440 1455 1445 1479 ι
1462 1457 1466 1481 .

331 1544 419 1586 omn.
436 1523 576 1587 libertat.
591 1524 813 1587 commoditat.
828 1529 862 1585 et
875 1522 1059 1585 munientis
1074 1522 1171 1604 praed.
1181 1525 1260 1583 terr.
1274 1526 1309 1583 et
1324 1526 1394 1585 ten.
1408 1542 1444 1607 q·
1459 1552 1464 1576 ·

332 1620 490 1702 quomodo
515 1640 611 1703 prope
635 1619 686 1682 vel
711 1620 820 1703 procul
839 1618 1073 1702 pertinentibus
1087 1616 1128 1679 de
1141 1616 1335 1700 capitalibus
1348 1616 1452 1681 dom'1
1469 1658 1470 1667 ι

332 1716 418 1779 feodi
429 1715 516 1779 illins
527 1737 585 1800 per
596 1717 728 1779 servicia
739 1716 814 1778 inde
826 1715 936 1779 debita
947 1720 980 1777 et
986 1713 1061 1797 jure
1073 1712 1419 1797 consuetainperpetu
1450 1745 1465 1768 ..

334 1813 378 1875 Et
393 1833 453 1895 ego
469 1812 506 1875 T.
531 1818 565 1875 et
590 1813 658 1875 her.
673 1834 717 1874 m.
734 1832 818 1875 omn.
833 1812 987 1894 praedicta
1002 1816 1078 1872 terr.
1093 1816 1128 1872 et
1142 1816 1210 1872 ten.
1225 1828 1302 1871 cum
1317 1829 1438 1873 omns
1461 1812 1469 1825 '

332 1910 448 1992 pertin.
477 1910 574 1992 pred.
599 1909 678 1972 Adae
701 1914 735 1970 et
750 1908 898 1984 Ricardo‚
925 1908 992 1969 her.
1019 1906 1084 1969 suis
1105 1912 1139 1969 et
1153 1905 1273 1987 asdgn.
1288 1925 1364 1970 war.
1392 1912 1428 1971 et
1453 1907 1460 1920 ‘

331 2013 525 2090 perpetuum
540 2004 757 2067 defendemus.

752 2242 931 2306 GRADUS
962 2242 1053 2304 111⁰·.

810 2399 985 2467 FILTON.

399 2546 496 2633 (3la)
515 2546 679 2611 Odinellus
694 2548 734 2610 de
750 2548 936 2626 Umfrauill‚
951 2547 1099 2610 salutem.
1143 2546 1270 2610 Notum
1279 2548 1324 2610 sit
1332 2548 1447 2611 omnib

170 2635 274 2741 {lffnt‘ss
332 2645 419 2727 quod
435 2665 494 2727 ego
510 2643 675 2707 Odinellus
694 2645 734 2707 de
763 2644 950 2722 Umlrauill,
977 2643 1107 2707 consilio
1132 2649 1167 2705 et
1190 2642 1362 2707 voluntate
1375 2646 1467 2708 uxo’

180 2750 236 2798 <ine
264 2768 300 2826 3⁰
331 2761 410 2803 meae
429 2747 463 2803 et
478 2740 630 2802 heredum
645 2761 800 2815 meorum,
815 2741 899 2816 dedi,
922 2761 1011 2802 conc.
1026 2746 1059 2802 et
1074 2740 1135 2802 hac
1149 2759 1181 2821 p.
1197 2759 1242 2801 m.
1258 2759 1287 2801 c.
1302 2740 1387 2803 conf.
1403 2760 1460 2803 ecc

183 2832 206 2864 ¹¹¹
219 2833 270 2865 ΜΠ
294 2854 299 2865 ·
333 2835 365 2899 S.
381 2838 428 2899 M.
445 2843 478 2899 et
494 2857 585 2898 conv.
602 2836 633 2897 N
634 2837 686 2899 ovi
702 2837 804 2914 Mon,
820 2858 876 2921 pro
892 2836 995 2898 salute
1004 2836 1120 2898 animae
1134 2855 1215 2898 mera
1229 2842 1264 2900 et
1278 2836 1386 2900 uxoris
1400 2856 1464 2900 ms:

330 2939 364 2995 et
380 2934 522 2994 omnium
538 2938 707 3015 parentum
723 2953 878 3008 meorum,
890 2932 1000 2995 Filton
1011 2940 1046 2994 et
1060 2931 1213 3015 quicquid
1227 2930 1270 2993 ad
1285 2952 1358 2995 eam
1379 2932 1467 3015 perti

330 3034 396 3105 net,
411 3029 444 3090 in
460 3028 554 3091 bosco
568 3034 602 3091 et
617 3029 650 3090 in
666 3029 773 3110 plano,
788 3029 822 3089 in
837 3029 948 3111 pratis,
964 3028 1098 3110 pascuis,
1113 3028 1214 3109 aquis,
1229 3026 1435 3107 molendinis,
1467 3058 1470 3082 ι

329 3124 462 3187 liberam
478 3132 509 3186 et
527 3131 715 3207 perpetuam
741 3124 959 3200 elemosinam,
975 3124 1118 3206 quietam
1133 3122 1175 3185 ab
1189 3124 1279 3186 omni
1294 3124 1431 3187 seculari
1445 3146 1465 3187 e

329 3229 454 3284 terreno
469 3222 610 3297 servicio,
636 3221 803 3282 exaccione
819 3228 853 3282 et
878 3219 1046 3295 demanda,
1062 3225 1096 3281 et
1119 3219 1259 3281 maxime
1281 3219 1323 3282 de
1345 3220 1470 3284 servici

328 3317 436 3400 Regis,
452 3318 537 3400 quod
552 3324 683 3379 vocatur
699 3317 838 3392 Vtwara,
853 3337 912 3398 per
929 3336 999 3378 suas
1021 3320 1124 3377 rectas
1145 3315 1272 3393 disisas,
1288 3316 1423 3394 scilicet,
1437 3316 1470 3380 d:

327 3414 529 3497 Scalingford
544 3436 582 3476 ex
597 3421 689 3497 parte
709 3413 896 3496 aquilonali,
923 3434 980 3495 per
1005 3413 1137 3495 longam
1164 3432 1285 3475 mosam
1312 3434 1412 3497 usque
1442 3444 1467 3469 1·

326 3510 523 3592 Richildpul,
538 3516 572 3571 et
588 3512 661 3572 inde
676 3530 714 3570 ex
737 3516 828 3592 parte
851 3509 998 3571 orientali
1013 3530 1070 3592 per
1095 3528 1192 3571 unam
1223 3509 1349 3573 leoham
1375 3532 1470 3595 usqu

325 3607 365 3667 ad
381 3606 550 3678 Todholes,
565 3612 599 3666 et
614 3606 687 3667 inde
703 3626 801 3687 usque
816 3606 857 3667 ad
878 3605 1036 3667 Drieburn
1051 3611 1086 3667 et
1108 3604 1197 3667 sicud
1212 3605 1371 3669 Drieburn
1386 3608 1470 3671 vadi<

325 3723 424 3784 usque
441 3702 481 3764 ad
496 3702 612 3762 divisas
627 3702 667 3763 dc
684 3700 889 3782 Swyneburn,
904 3707 938 3763 et
954 3701 1092 3764 reflectit
1115 3722 1214 3784 usque
1236 3702 1277 3765 ad
1292 3703 1442 3767 Derestre
1463 3733 1470 3756 ι

325 3799 445 3859 iterum
461 3798 616 3880 usquead
632 3795 845 3879 Scalingford,
861 3796 920 3879 etj
938 3805 1064 3879 partem
1080 3819 1118 3860 ex
1133 3818 1246 3881 campo
1261 3798 1302 3861 de
1316 3800 1436 3863 Thoria

324 3902 380 3955 ton
412 3896 452 3956 ad
482 3913 686 3956 communem
716 3900 880 3975 pasturam
907 3894 1072 3975 usquead
1099 3892 1301 3971 Smaleburn‚
1326 3902 1362 3959 et
1385 3896 1465 3959 sicu

326 3991 516 4053 Smalebum
544 3990 632 4051 venit
656 3990 697 4051 de
723 4010 829 4052 mussa
852 3996 886 4052 et
901 3990 997 4052 crurit
1022 3989 1063 4052 ad
1079 3990 1251 4068 Drieburn,
1267 3998 1301 4054 et
1317 3992 1419 4076 petar’
1440 4021 1465 4046 ι·

324 4087 436 4147 ιοοιιιιιι
453 4108 519 4164 sua,
535 4093 568 4149 et
583 4086 703 4149 ibidem
727 4087 826 4148 etiam
849 4093 999 4169 stagnum
1015 4086 1192 4149 molendini
1222 4086 1417 4151 firmandum
1452 4118 1456 4144 1

325 4182 491 4243 soluerint.
528 4184 572 4244 Et
587 4183 646 4245 hoc
662 4183 825 4245 sciendum
842 4182 927 4265 quod
941 4182 1068 4265 praefati
1083 4184 1233 4246 monachi
1242 4184 1378 4248 reddent
1393 4184 1470 4247 mih

324 4284 357 4339 et·
384 4278 551 4340 heredibus
579 4279 657 4340 meis
684 4279 718 4361 iij
748 4299 871 4342 marcas
895 4279 1032 4361 argenti,
1047 4279 1181 4358 scilicet,
1204 4302 1244 4342 xx
1257 4302 1281 4342 s.
1296 4280 1338 4343 ad
1354 4282 1415 4345 lest
1446 4310 1463 4336 o

584 4438 591 4469 ¹
611 4441 617 4468 ⁸
629 4436 821 4494 Retenamento
832 4440 838 4463 '
849 4439 872 4493 is
884 4438 993 4493 written
1005 4439 1034 4493 in
1048 4438 1095 4495 tha
1107 4438 1219 4511 margin.
