2940 5048
439 362 487 418 Illi
511 362 606 417 NOVO
632 361 870 418 Moaasrualo.

80 536 110 594 et·
134 533 285 595 omnium
306 536 478 615 parentum
499 538 535 595 et
556 539 793 596 antecessorum
813 533 1015 610 meorum,in
1036 537 1229 616 perpetuum

80 628 300 693 elemosinam.

141 819 258 895 Quaere
281 821 476 884 donaciones
498 820 658 885 Willelmi
678 820 826 884 Bertram
848 822 883 883 in
909 821 946 882 ἰ*ο
971 818 1047 906 (sic)
1069 820 1172 904 gradu
1193 821 1230 882 in
1254 837 1395 887 memoran-

77 915 145 980 loco
160 917 300 1000 quarto.¹
1254 904 1322 954 dum.

143 1107 290 1193 Rogerua
297 1110 385 1173 filius
395 1107 514 1192 Rogeri
526 1109 675 1173 Bertram
684 1110 724 1173 de
735 1109 885 1187 Mitiord,
895 1109 1042 1173 salutern.
1069 1110 1230 1174 Noveritis
1316 1104 1347 1171 ij·

78 1225 130 1269 me
144 1225 204 1288 pro
219 1205 277 1269 sal.
292 1207 411 1269 animae
425 1226 506 1269 meae
521 1211 557 1268 et
571 1225 657 1268 omn.
674 1211 826 1268 antecess.
844 1207 960 1269 ether.
977 1228 1133 1285 meorum,
1155 1206 1228 1270 ded.
1255 1172 1377 1289 wlff

77 1322 168 1365 conc.
185 1306 221 1363 at
242 1321 333 1384 praes.
355 1307 446 1365 carta
468 1323 540 1365 mea
562 1301 648 1364 conf.
663 1301 733 1363 Deo
755 1307 790 1364 et
812 1302 850 1365 Β.
869 1302 994 1382 Maria,
1010 1307 1044 1365 et
1066 1303 1230 1365 monachis
1254 1302 1370 1361 Mitforu

77 1397 161 1460 Novi
177 1396 270 1460 Mon.
285 1401 446 1460 eteorum
465 1398 698 1461 successoribus
717 1399 754 1460 in
775 1405 978 1481 perpetuum,
991 1402 1116 1481 partem
1136 1404 1230 1461 terrae
1254 1370 1382 1485 ᾟΠἘΨ

76 1515 158 1558 mese
181 1495 219 1556 in
244 1496 410 1558 territorio
433 1495 475 1559 de
493 1495 643 1572 Mitford,
667 1496 796 1557 tamin
820 1495 915 1559 bosco
939 1516 1036 1578 quam
1062 1498 1097 1558 in
1122 1495 1230 1579 plano,
1255 1500 1406 1564 Roochr

77 1589 213 1666 scilicet,
228 1610 249 1653 a
263 1590 437 1654 Meredene
451 1611 524 1674 quae
538 1595 589 1654 est
603 1591 706 1653 divisa
720 1591 806 1654 inter
827 1591 974 1654 baronias
989 1592 1029 1655 de
1044 1592 1182 1654 Mitiord
1197 1596 1231 1653 et
1255 1574 1328 1617 uam.

77 1686 244 1769 Morpeth
260 1691 345 1750 terra
359 1707 432 1770 quae
446 1691 579 1751 vocatur
600 1686 711 1764 Holm‚
726 1688 810 1750 sicut
831 1687 952 1750 rivulus
964 1689 1055 1751 vadit
1069 1689 1110 1750 de
1126 1688 1232 1750 Mere-

77 1781 160 1845 dene
174 1784 211 1845 in
227 1782 411 1866 Wanspike‚
423 1788 458 1845 et
479 1783 678 1846 ascendendo
693 1782 871 1865 Wanspikc
891 1802 948 1867 per
968 1783 1061 1846 filum
1081 1804 1183 1866 aqua,
1198 1791 1232 1846 et

77 1900 136 1963 per
157 1880 308 1963 antiquas
323 1879 439 1941 divisas
461 1899 561 1962 usque
583 1880 625 1942 ad
647 1879 787 1962 Capach,
809 1884 901 1942 etex
924 1884 1102 1942 transverso
1124 1900 1232 1942 versus

77 1980 226 2038 austrum
249 1996 350 2058 usque
372 1975 414 2038 ad
444 1976 594 2038 semitam
624 1995 697 2058 quae
723 1976 813 2038 vadit
843 1977 929 2037 inter
958 1975 1106 2052 Mitford,
1131 1982 1165 2036 et
1187 1976 1232 2037 sic

78 2071 241 2155 sequendo
256 2073 406 2134 semitam
414 2070 506 2133 illam
520 2092 627 2134 versus
636 2072 792 2134 orientem
807 2093 907 2153 usque
922 2073 955 2133 in
967 2071 1232 2154 praenominatam

78 2167 264 2245 Meredeue‚
279 2188 318 2230 ex
338 2167 529 2230 occidentali
543 2173 636 2250 parte
650 2168 801 2231 bercariae
816 2168 976 2231 dictorum
991 2168 1231 2242 monachorum,

78 2264 111 2326 in
121 2262 179 2326 lib
186 2268 222 2326 et
231 2264 377 2347 quietam
387 2268 421 2326 et
430 2284 545 2346 puram
556 2268 591 2326 et
602 2267 792 2347 perpetuam
801 2264 1019 2340 elemosinam,
1026 2264 1115 2326 sicud
1124 2263 1232 2346 aliqua

77 2359 255 2424 elemosina
267 2358 402 2423 liberius
419 2363 455 2422 et
473 2359 618 2441 quiccius
640 2364 748 2442 potest
771 2360 841 2421 dari
856 2359 907 2422 vel
929 2361 1091 2442 possideri.
1136 2359 1232 2423 Salva
1256 2371 1375 2436 Βίςὴιοί

77 2456 181 2518 michi
196 2462 232 2518 et
241 2456 411 2519 heredibus
422 2456 503 2518 meis
518 2455 558 2518 de
573 2476 703 2540 corpore
714 2476 786 2518 meo
806 2456 967 2534 euntibus,
982 2457 1232 2519 tantumchacia
1255 2438 1380 2555 ‘'¹3¹‘'

77 2552 113 2614 in
128 2552 245 2614 eadem
259 2558 346 2614 terra
366 2551 408 2615 ad
423 2551 542 2614 bestias
563 2551 734 2626 silvestres,
749 2552 798 2614 ita
812 2556 921 2614 tamen
942 2553 1029 2635 quod
1044 2554 1071 2614 si
1085 2553 1232 2636 praedicti

77 2647 232 2711 monachi
246 2648 298 2711 vel
312 2648 428 2730 aliquis
442 2668 621 2724 conversus,
637 2647 688 2709 vel
703 2646 819 2729 aliquis
826 2649 994 2710 hominum
1007 2669 1137 2711 enorum
1148 2648 1232 2710 infra

77 2743 217 2806 eandem
233 2747 352 2806 terram
367 2743 540 2826 aliquando
554 2743 696 2825 aliquam
711 2743 848 2805 bestiam
858 2745 1013 2827 ceperint,
1028 2751 1159 2829 propter
1172 2745 1232 2806 hoc

78 2861 145 2903 non
160 2839 358 2903 cambuntur
372 2860 392 2902 a
406 2860 459 2902 me
474 2839 526 2902 vel
547 2839 718 2902 heredibus
740 2841 820 2902 meis
835 2841 887 2903 vel
901 2840 943 2903 ab
965 2840 1074 2924 aliquo
1091 2841 1154 2904 alio
1177 2861 1233 2923 per

78 2957 147 3000 nos.
194 2936 241 2999 Et
266 2937 414 3019 praedicti
439 2936 589 2999 monachi
611 2936 733 2999 facient
755 2937 790 2998 in
812 2936 967 3020 praedicta
989 2942 1075 3000 terra
1093 2943 1128 3001 et
1150 2938 1233 3000 infra

80 3033 252 3116 praedictas
267 3032 384 3094 divisas
399 3032 622 3095 omnimodum
642 3030 822 3115 proficuum
844 3053 938 3095 suum
953 3035 1036 3097 sicut
1050 3035 1097 3097 eis
1119 3034 1233 3096 melius

80 3127 255 3213 placuerit,
270 3133 305 3190 et
324 3128 437 3192 licebit
458 3128 581 3191 eisdem
595 3128 761 3190 monachis
783 3129 918 3191 eandem
939 3135 1060 3192 terram
1086 3130 1233 3191 claudere

80 3226 202 3287 fossato
232 3229 267 3287 et
290 3224 377 3287 idem
399 3225 557 3287 foesatum
585 3244 749 3301 renovare,
779 3231 815 3287 et
844 3244 991 3305 reparare
1021 3226 1171 3306 quociens
1200 3231 1235 3286 et

73 3320 352 3404 quandocumque
376 3320 548 3397 voluerint,
575 3320 643 3381 aine
671 3320 910 3382 contradicione
936 3319 989 3383 vel
1014 3321 1235 3401 inpedimento

80 3418 146 3480 mei
154 3417 208 3480 vel
218 3416 373 3479 heredum
385 3437 529 3479 meorum
538 3416 589 3479 vel
600 3416 767 3477 hominum
778 3436 931 3478 meorum.
959 3415 1118 3478 Praeterea
1129 3417 1235 3478 sciatis
1260 3433 1397 3490 Quirelaim

80 3534 134 3576 me
155 3513 314 3575 relaxasse
339 3517 374 3574 et
398 3533 455 3595 per
479 3517 600 3575 cartam
626 3533 732 3575 meam
751 3513 850 3594 quiet.
874 3510 1026 3575 clamasse
1049 3532 1106 3595 pro
1128 3533 1180 3575 me
1202 3518 1236 3575 et
1260 3500 1403 3616 gtffihzg

73 3609 254 3672 'heredibus
276 3610 357 3671 meis
371 3609 465 3672 dictis
488 3608 653 3671 monachis
676 3612 710 3671 et
731 3629 841 3671 eorum
863 3609 1092 3672 successoribus
1114 3609 1149 3670 in
1164 3630 1236 3692 per·
1259 3633 1325 3683 from
1336 3604 1380 3682 ihc
1396 3603 1409 3625 ³

80 3713 220 3789 petuum
245 3725 364 3788 panem
393 3710 427 3767 et
441 3704 662 3787 pulmentum²
685 3725 755 3787 quae
781 3709 994 3768 antecessores
1019 3706 1085 3768 mei
1113 3710 1148 3768 et
1177 3725 1236 3788 ego
1260 3696 1386 3814 ffibfyiss

81 3802 263 3866 solebamus
278 3801 424 3884 quolibet
438 3822 521 3864 anno
533 3801 568 3863 in
583 3801 630 3862 xl·
645 3798 949 3887 (Quodropcse‘mc)
964 3803 1004 3865 ab
1020 3802 1065 3864 eia
1087 3802 1237 3883 recipere,
1326 3801 1333 3815 '

82 3900 131 3963 ita
144 3899 232 3983 quod
247 3918 308 3961 nec
323 3918 383 3980 ego
398 3918 458 3961 nec
471 3897 588 3981 aliquis
603 3897 757 3960 heredum
777 3917 838 3960 nec
860 3898 976 3981 aliquis
998 3898 1079 3960 alius
1097 3897 1170 3980 jure
1185 3899 1236 3961 vel

136 4167 145 4199 ¹
163 4167 193 4222 It
205 4166 302 4221 would
314 4183 387 4221 seem
399 4183 430 4222 aa
448 4165 472 4220 il
481 4167 529 4222 tha
541 4165 656 4237 original
666 4165 825 4221 documenta
837 4184 908 4221 wera
921 4166 1050 4237 arranged
1060 4165 1090 4222 in
1109 4169 1117 4199 ‘
1131 4167 1238 4240 pigeon·

84 4246 174 4302 holes’
185 4245 338 4301 numbered
350 4251 381 4300 to
399 4245 559 4318 correspoud
571 4245 640 4300 with
654 4244 701 4299 tha
713 4245 844 4317 marginal
856 4244 982 4299 numbers
995 4247 1023 4300 in
1034 4246 1081 4302 the
1093 4249 1236 4326 cartulary,

83 4326 157 4381 these
169 4329 178 4358 ‘
184 4325 386 4400 placor-bole&
407 4324 436 4380 in
445 4325 545 4395 produc
556 4342 587 4379 or
598 4341 668 4378 rowa
680 4342 730 4379 ons
742 4323 827 4378 above
838 4324 959 4393 another,
972 4325 1026 4380 end
1038 4325 1114 4382 thess
1126 4329 1239 4400 perhaps

84 4407 113 4462 in
122 4408 176 4462 loci
185 4425 217 4462 or
229 4405 361 4462 divisione
372 4405 404 4460 of
411 4422 485 4462 soma
493 4405 567 4461 lind.
603 4405 654 4461 See
666 4407 753 4460 ‘locus
764 4403 798 4474 3,’
809 4422 834 4478 p.
849 4406 893 4473 15,
905 4423 988 4478 marg.

135 4491 147 4522 ²
164 4491 259 4560 Pulso,
266 4507 299 4546 or
307 4488 422 4562 perhaps
432 4488 529 4544 lish-
536 4488 600 4543 Vide
611 4488 740 4560 Ducange
751 4504 772 4542 s.
784 4505 811 4541 r.
