2940 5048
337 343 487 396 noanon
516 343 560 396 OF
586 342 633 394 An
659 343 811 395 Ancls'nn
836 342 937 396 ROLL.

54 511 226 574 animabus
239 514 385 576 omnium
407 513 553 577 fidelium
575 513 810 590 defunctorum,
825 512 901 588 Nos,
917 513 1048 574 honores
1063 518 1094 575 et
1112 511 1206 574 bene·

55 606 132 670 ficia
146 628 203 690 per
223 609 395 691 praefatum
417 608 626 691 Radulphum
648 610 737 671 dicto
758 609 888 671 domino
909 609 1020 671 abbati
1045 614 1151 670 nostro
1172 615 1207 671 et

54 703 197 768 ecclesia
211 726 275 769 suae
290 705 401 769 Sancti
424 705 541 768 Albani
563 705 708 767 exhibite
730 712 763 768 et
786 707 821 766 in
843 711 1004 787 posterum
1027 704 1206 767 exhibenda

56 799 183 883 plenius
198 802 439 878 considerantes,
454 823 491 864 ac
506 803 694 883 praedictam
703 803 879 864 cantariam
891 803 926 862 in
939 801 1037 862 forma
1052 801 1206 884 praedicta

56 895 127 958 fieri
153 899 318 979 cupientes
342 899 491 960 unanimi
514 896 680 961 voluntate
706 904 740 959 et
770 918 896 960 assensu
926 898 1050 959 domini
1078 895 1205 959 abbatis

56 994 157 1055 nostri
172 995 339 1070 antedicti,
353 993 499 1056 volumus
514 999 548 1056 et
562 993 764 1056 concedimus
781 1013 839 1076 pro
860 993 950 1055 nobis
972 1002 1006 1055 et
1021 993 1204 1055 successori·

55 1088 117 1151 bus
139 1090 265 1167 nostris,
288 1090 374 1172 quod
404 1091 680 1173 quocienscunque
710 1096 743 1152 et
772 1090 1025 1173 quandocunque
1051 1090 1204 1172 prediola

55 1187 201 1250 cantaria
221 1187 417 1269 temporibus
439 1187 556 1249 futuris
578 1193 616 1249 ut
638 1187 848 1268 praemittitur
871 1187 1016 1249 facienda
1038 1186 1203 1261 defecerit,

55 1281 193 1345 ballivus
217 1282 298 1344 dicti
325 1283 446 1345 domini
470 1282 635 1365 Radulphi
658 1285 692 1344 et
722 1282 884 1344 haeredum
910 1303 1039 1345 suorum
1065 1283 1122 1364 qui
1145 1303 1202 1365 pro

56 1384 199 1461 tempore
222 1379 319 1441 fuerit
338 1380 373 1441 in
395 1379 536 1442 manerio
560 1399 616 1441 suo
638 1378 678 1441 de
702 1377 864 1460 Morpatlr,
879 1399 934 1441 nos
960 1384 994 1441 et
1016 1400 1202 1441 successores

56 1481 177 1538 nostros
191 1476 226 1537 in
250 1476 399 1539 maneriis
420 1475 534 1538 nostris
556 1476 596 1538 de
619 1474 748 1557 Copoun
769 1481 803 1536 ct
818 1475 975 1537 Bobbeset
989 1496 1045 1557 pro
1060 1476 1203 1538 subtrac-
1227 1486 1335 1553 Oowpon

1226 1553 1276 1601 and
1288 1555 1352 1604 Beb-

56 1572 149 1634 cione
163 1571 260 1635 dictae
274 1572 427 1635 cantaria
447 1571 539 1634 licite
555 1571 660 1633 valeat
676 1571 876 1654 distringere,
891 1591 1055 1653 quousque
1077 1572 1117 1634 de
1138 1594 1201 1634 ser·
1226 1618 1288 1672 sido.

57 1668 142 1731 vicio
156 1668 317 1732 subtracto
330 1668 455 1751 plenius
470 1669 568 1731 fuerit
582 1668 782 1731 satisfactum
805 1668 922 1750 absque
944 1669 1045 1730 nostri
1060 1668 1110 1731 vel
1132 1690 1203 1732 suc·

56 1785 214 1828 sessorum
227 1769 404 1828 nostrorum
418 1765 671 1827 contradiccione
686 1785 740 1826 seu
764 1765 1003 1847 impedimento.
1047 1764 1203 1828 Volumus

57 1861 187 1943 insuper
201 1867 235 1924 et
249 1861 461 1937 concedimus,
476 1860 562 1944 quod
576 1860 714 1923 ballivus
737 1861 819 1922 dicti
841 1861 964 1922 domini
982 1860 1146 1942 Radulphi
1169 1867 1202 1924 et

57 1957 220 2022 haeredum
234 1979 361 2022 suorum
376 1960 462 2042 apud
477 1958 656 2021 manerium
671 1979 765 2021 suum
787 1960 827 2020 de
850 1959 1004 2040 Morpath
1018 1959 1059 2021 de
1072 1960 1202 2023 nomine

56 2053 215 2137 capellani
230 2056 287 2137 qui
302 2056 344 2118 ad
359 2055 545 2138 praedictam
561 2055 737 2117 cantariam
761 2061 800 2117 ut
815 2055 1004 2136 pradictum
1019 2060 1067 2117 est
1081 2056 1202 2118 facien·

56 2151 145 2230 dam,
154 2152 303 2234 quociens
317 2172 375 2234 per
383 2171 439 2214 nos
448 2158 507 2215 aut
518 2171 708 2214 successores
722 2157 843 2213 nostros
853 2152 1007 2233 assignari
1018 2153 1202 2234 contigerit,

56 2266 114 2329 per
127 2267 183 2309 nos
197 2254 256 2310 aut
270 2268 457 2311 successores
471 2254 592 2310 nostros
607 2248 728 2309 tociens
744 2246 948 2309 certificetur.
996 2248 1034 2309 In
1051 2246 1142 2330 cujus
1156 2249 1203 2310 rei

57 2343 280 2406 testimonium
299 2342 443 2427 sigillum
465 2343 589 2406 domini
603 2343 730 2405 abbatis
746 2343 845 2404 nostri
864 2343 1032 2419 antedicti,
1048 2363 1203 2406 unacum

55 2439 164 2524 sigillo
177 2441 277 2503 nostri
293 2439 441 2521 capituli,
455 2445 490 2503 et
503 2439 649 2522 sigillum
664 2440 791 2522 praefati
814 2438 937 2504 domini
961 2439 1125 2522 Rodulphi
1141 2440 1203 2502 filii

58 2536 215 2615 Willelmi
230 2537 306 2599 huic
320 2538 439 2618 scripto
453 2537 622 2599 indentato
636 2536 822 2599 alternatim
838 2543 914 2600 sunt
935 2557 1083 2619 appensa.
1129 2538 1204 2600 Hiis

56 2632 203 2709 testibus,
219 2632 357 2695 Roberto
372 2633 411 2695 de
427 2631 459 2695 la
473 2632 564 2709 Vale,
580 2632 682 2694 Adam
698 2632 738 2695 de
753 2632 899 2709 Benton’,
916 2633 1037 2716 Rogero
1052 2633 1203 2710 Maudut,

56 2735 92 2792 et
106 2728 239 2791 Nicolao
261 2728 291 2792 le
314 2729 400 2805 Scot,
422 2728 594 2804 militibus,
616 2729 739 2792 'l'h0ma
760 2731 800 2791 de
827 2729 953 2805 Belsho,
974 2730 1205 2793 Bartholomaeo

57 2825 172 2901 Benet,
187 2826 327 2888 Henrioo
341 2826 381 2887 (16
403 2825 547 2900 Hardeu,
562 2825 709 2887 Johanne
731 2826 771 2887 de
788 2825 986 2901 Backworth,
1003 2826 1149 2890 Gilberto
1163 2829 1204 2890 (16

57 2921 213 3004 Whitley‚
233 2927 267 2984 et
290 2921 370 2983 aliis·
416 2921 492 2983 Dat.
519 2922 605 3003 apud
630 2922 842 3003 Tynemouth,
867 2922 920 2982 die
947 2922 1098 2984 Mercurii
1116 2943 1203 3004 prox.

56 3023 131 3099 post
167 3017 284 3080 festum
322 3018 591 3079 Annunciacionis
629 3016 738 3078 Beatae
779 3016 892 3078 Mariae
930 3017 1083 3099 Virginis,
1120 3039 1204 3081 anno

56 3112 190 3175 Domini
204 3113 374 3176 millesimo
395 3121 487 3176 ccc¹²¹⁰
509 3112 759 3196 quintodecimo,
775 3118 808 3173 et
828 3132 927 3194 regno
950 3113 1033 3194 regis
1054 3113 1204 3177 Edwardi
1229 3126 1316 3177 March
1328 3129 1367 3186 aa,

57 3207 119 3272 filii
135 3210 219 3293 regis
234 3209 383 3272 Edwardi
397 3215 521 3275 octavo.
1229 3207 1280 3245 Μ’·
1295 3196 1366 3245 ¹³¹⁶·

124 3469 165 3532 In
180 3470 240 3533 hac
254 3472 397 3534 cantaria
411 3471 534 3534 Thoma
548 3468 628 3554 (sic)
643 3471 682 3533 de
697 3469 828 3531 Bulmer
850 3474 925 3531 ante
948 3470 1083 3550 pn'mam
1106 3472 1204 3552 pesti·
1228 3474 1333 3524 Nursina

56 3565 206 3643 lenciam,
237 3566 401 3630 Gilbertus
431 3566 623 3650 Wilkynson
655 3566 695 3628 de
725 3565 940 3649 Tynemouth,
971 3565 1127 3628 Robertus
1163 3568 1203 3629 (16
1227 3540 1364 3656 mm

56 3662 183 3823 ffieu’
198 3663 359 3728 lohannes
374 3665 414 3728 de
429 3663 672 3747 Wslsyngham,
687 3664 848 3726 Johannes
864 3663 903 3725 de
918 3662 1084 3726 Waltham
1099 3663 1204 3747 capel-

125 3983 333 4050 comantem
360 3987 550 4068 Radulphus
574 3985 660 4047 filius
686 3984 842 4047 Willelmi
869 3986 937 4047 haeo
953 3990 988 4046 et
1009 3985 1114 4048 multa
1140 3984 1205 4048 alis
1232 3993 1363 4043 obitum

56 4080 153 4164 probe
167 4082 297 4164 egisset,
312 4103 476 4165 percussus
490 4101 609 4165 magna
625 4086 799 4154 senectute,
815 4081 898 4142 circa
914 4080 1032 4142 festum
1049 4080 1203 4145 Omnium
1227 4072 1290 4110 Μ’·

57 4176 250 4241 Sanctorum
265 4178 460 4240 obdormivit
474 4179 509 4239 in
524 4177 675 4252 Domino,
691 4182 724 4238 et
739 4177 825 4257 apud
835 4175 977 4237 Nesham
992 4176 1136 4257 sepultus
1145 4182 1204 4255 est,

58 4293 143 4336 anno
165 4273 298 4336 Domini
313 4273 486 4337 millesimo
508 4281 575 4335 ccc⁰
590 4273 692 4355 xvjm0,
707 4278 741 4333 et
756 4272 844 4354 regni
868 4272 951 4353 regis
975 4271 1120 4334 Edwardi
1144 4272 1203 4335 filii
1229 4291 1367 4338 1.».1316.

58 4372 146 4452 regis
169 4370 319 4434 Edwardi
343 4390 435 4433 nono.
481 4369 665 4431 Willelmus
688 4390 759 4431 vero
782 4368 868 4431 filius
890 4368 969 4450 ejus,
991 4375 1026 4430 et
1050 4368 1205 4434 Katerina

59 4485 139 4530 uxor
153 4465 224 4548 ejus
238 4466 388 4530 obierunt
402 4467 470 4530 sine
486 4465 582 4549 prole.
646 4553 660 4600 2

617 4565 632 4600 U
