2940 5048
362 325 514 378 POBTION
540 325 585 378 OF
610 325 658 378 AN
683 326 834 379 Auclmu
860 327 962 380 nott.

81 492 156 556 illas
170 493 250 556 duas
264 493 396 557 bovatas
411 514 490 578 quas
505 496 609 558 Adam
626 494 712 557 filius
727 494 873 558 Vkeman
888 497 1006 573 tenuit,
1018 499 1053 559 et
1064 495 1138 559 illas
1152 495 1233 559 duas

79 590 213 652 bovatas
228 611 306 673 quas
320 590 504 654 willelmus
519 591 702 674 capellanus
724 592 843 668 tenuit,
858 597 892 654 et
906 592 978 654 illas
1001 593 1080 656 duas
1104 593 1234 655 bovatas

81 707 161 770 quas
177 686 336 749 Henricus
358 693 393 749 et
415 687 605 769 Radulphus
628 687 757 750 Palmer
780 693 966 765 tenuerunt,
986 709 1060 750 cum
1082 688 1233 751 omnibus

25 819 32 829 ·
81 784 290 866 pertinenciis
306 785 370 845 suis
385 785 420 845 111
435 783 514 846 villa
529 791 563 846 et
578 789 668 846 extra
683 784 807 862 villam,
821 805 895 845 cum
910 786 1003 847 tostis
1018 791 1052 847 et
1068 785 1189 861 moitis,
1201 790 1236 848 ct

82 900 157 942 eum
180 879 328 942 omuibus
352 880 424 942 aliis
449 882 653 964 asyamentis,
679 886 717 942 ut
746 881 783 942 in
809 881 916 959 moris,
943 882 1096 959 mariscis,
1122 884 1235 964 pratis,

83 976 233 1057 pasturiS,
248 977 384 1057 pascuis,
400 976 563 1053 turbariis,
584 976 738 1058 bruagiis,
754 977 795 1038 ad
817 997 917 1039 uuam
939 983 1121 1039 carucatam
1141 984 1235 1041 terrae

85 1072 120 1134 iu
136 1072 248 1133 eadem
264 1071 341 1133 villa
355 1071 604 1153 pertinentibus,
620 1074 762 1154 exceptis
785 1072 922 1135 defensis
937 1074 1018 1135 meis
1040 1075 1075 1135 in
1092 1080 1234 1156 tempore

85 1168 197 1231 debito
214 1172 249 1229 et
268 1174 433 1246 consueto,
448 1169 609 1231 sciliceta
633 1170 715 1231 festo
740 1168 853 1231 Sancti
876 1169 1045 1233 Cuthberti
1068 1171 1103 1232 in
1125 1191 1235 1233 mense
1297 1155 1311 1170 ⁹

85 1263 202 1326 Marcii
217 1263 370 1344 usquead
387 1264 507 1326 festum
524 1263 635 1326 Sancti
651 1263 822 1328 cuthberti
841 1266 877 1328 in
901 1286 1010 1328 mense
1026 1265 1233 1349 Septembris.

85 1359 237 1422 Habend.
253 1365 287 1422 et
303 1360 432 1422 tenend.
447 1360 488 1422 (16
504 1380 556 1421 me
578 1367 613 1423 et
627 1360 805 1423 haeredibus
821 1363 900 1424 meis
916 1362 970 1424 ille
982 1368 1015 1425 et
1031 1363 1169 1425 haeredes
1184 1364 1234 1431 sui

84 1457 120 1519 in
135 1455 228 1519 feodo
243 1460 278 1518 et
292 1455 491 1535 haereditate,
507 1456 607 1518 libere
622 1462 656 1519 et
671 1456 780 1539 quiete
795 1463 829 1519 et
851 1459 979 1538 integre
1002 1458 1043 1520 ab
1058 1459 1147 1520 omni
1170 1479 1235 1520 ser-

85 1555 170 1616 vicio
184 1557 218 1616 et
232 1552 465 1615 consuetudine
480 1558 515 1615 et
530 1554 698 1615 exaccione
713 1554 754 1615 ad
769 1574 822 1615 me
838 1554 1085 1636 pertinentibus,
1100 1562 1234 1637 excepta

85 1649 213 1732 sequela
227 1648 404 1711 molendini
420 1650 485 1711 mei
508 1649 549 1712 (16
569 1649 705 1712 Benton’
720 1649 820 1711 michi
842 1655 876 1711 et
899 1650 1076 1713 haeredibus
1092 1651 1172 1712 meis
1193 1648 1235 1712 ab

85 1746 143 1809 illo
157 1752 192 1808 et
215 1745 392 1808 baeredibus
408 1747 482 1821 suis,
498 1747 621 1808 scilicet
636 1746 677 1808 ad
692 1747 993 1808 terciumdecimum
1008 1767 1062 1809 vas
1074 1747 1235 1823 multurae,

86 1842 232 1905 faciendo
247 1843 427 1919 servicium,
439 1842 572 1921 scilicet,
582 1844 768 1905 vicesimam
783 1849 906 1925 partem
918 1844 1002 1906 leodi
1015 1845 1110 1905 unius
1121 1843 1236 1904 militis

87 1946 122 2002 et
136 1939 328 2001 forinsecum
344 1940 525 2015 servicium,
540 1945 698 2021 quantum
719 1941 860 2021 pertinet
875 1940 916 2002 ad
938 1959 1037 2001 unam
1052 1944 1235 2000 carucatam

87 2043 181 2098 terrae
195 2036 229 2097 in
244 2035 324 2097 villa
339 2036 378 2098 de
394 2035 652 2118 Kyllyngwortb.
698 2035 742 2098 Et
763 2056 824 2118 ego
847 2035 990 2118 Rogerus
1006 2035 1045 2098 de
1061 2036 1186 2118 Merlay
1201 2041 1236 2099 et

88 2132 228 2194 haeredes
242 2133 307 2194 mei
322 2131 600 2194 warantizabimus
619 2132 774 2213 praedicto
796 2132 935 2194 Ricardo
950 2133 990 2194 (16
1005 2131 1123 2194 Sancto
1137 2132 1236 2194 Petro

86 2241 120 2291 et
135 2228 312 2291 haerodibus
328 2229 391 2289 suis
407 2229 594 2310 praedictam
618 2232 739 2290 terram
760 2248 835 2289 cum
858 2227 1006 2290 omnibus
1028 2230 1236 2310 pertinenciis

87 2327 162 2403 suis,
177 2331 216 2387 ut
243 2325 434 2407 predictum
460 2329 520 2401 est,
543 2330 655 2386 eontra
678 2344 787 2386 omnes
812 2324 958 2386 homines
983 2325 1234 2406 imperpetuum.
1280 2398 1286 2408 ἢ

86 2421 162 2483 Η116
186 2422 335 2495 testibus,
351 2419 489 2482 Ricardo
511 2420 552 2482 de
574 2419 716 2495 Pleceto,
737 2419 902 2482 Willelmo
924 2419 964 2482 de
988 2419 1135 2504 Conyers,
1150 2420 1236 2508 El'il-

87 2516 184 2602 lelmo
214 2517 255 2579 de
285 2515 422 2598 Merlay,
453 2515 618 2578 Willelmo
649 2514 809 2598 Gubyon’,
840 2516 982 2578 ilenrico
1015 2516 1056 2579 de
1086 2516 1235 2601 Conyers,

86 2599 691 2695 Jibaififfffffwy‘diffidiJWssl'eimo
714 2610 754 2675 de
776 2612 926 2691 Dudden,
942 2612 1089 2676 Galfrido
1109 2613 1236 2691 clerico,

86 2709 224 2774 Ricardo
239 2709 357 2771 clerico
371 2713 407 2771 et
421 2707 534 2770 multis
548 2707 631 2772 aliis.

154 2899 300 2983 Cumque
323 2899 372 2962 Ro
397 2920 469 2962 erus
484 2899 670 2982 (16-11161161
685 2901 807 2985 primus
825 2902 893 2964 haec
917 2907 952 2964 et
972 2901 1036 2964 alia
1054 2901 1235 2964 consimilia
1257 2901 1366 2968 8⁰9⁶*

87 2997 323 3079 complevisset,
339 2921 545 3058 illdo‘rffiit
568 2997 603 3058 in
618 2995 768 3072 Domin0,
790 3003 823 3058 et
835 2999 872 3086 iu
884 2996 982 3079 ¹domo
997 2997 1133 3078 capituli
1148 2998 1233 3081 Novi
1255 2969 1400 3084 fflffl'gd

86 3093 280 3166 Monasterii
294 3113 369 3154 cum
391 3097 483 3174 patre
498 3113 584 3170 6116-
576 3092 795 3174 6661111116661,
811 3098 845 3153 et
867 3093 1017 3154 successit
1039 3095 1069 3154 ei
1089 3093 1233 3175 Rogerus
1256 3099 1338 3149 buris}
1350 3101 1378 3148 ο(

86 3191 174 3252 filius
191 3189 271 3272 ejus,
281 3189 339 3271 qui
351 3188 471 3251 dieitur
483 3188 628 3271 Rogerus
637 3187 677 3250 de
687 3188 810 3270 Merlay
820 3188 985 3249 secundus.
1017 3188 1082 3250 Hic
1094 3189 1234 3271 burgum
1256 3165 1373 3229 R⁰⁸⁰¹L

86 3288 126 3349 de
142 3285 295 3368 Morpath
311 3285 486 3360 decoravit,
512 3290 546 3346 et
571 3284 678 3346 multa
704 3283 770 3344 alia
792 3304 888 3366 opera
908 3284 1101 3348 caritativa.
1119 3291 1236 3367 ..post

86 3385 214 3446 obitum
238 3401 332 3444 suum
369 3381 513 3464 sepultus
543 3381 651 3443 estin
681 3380 821 3443 claustro
850 3381 890 3442 ad
920 3381 1093 3442 introitum
1123 3381 1235 3443 domus

86 3479 225 3562 capituli
254 3478 339 3540 Novi
366 3478 567 3554 Monasterii,
590 3476 745 3558 hospitali
768 3477 810 3539 de
831 3474 1058 3560 Kacb(eborn)
1072 3482 1150 3539 tunc
1180 3497 1237 3560 per

87 3578 195 3659 ipsum
211 3579 370 3658 promoto.
416 3572 477 3637 Cui
493 3573 644 3635 successit
659 3572 804 3655 Rogerus
820 3572 906 3634 filius
922 3571 1000 3655 ejus.

154 3766 301 3849 Rogerus
329 3766 369 3827 (16
399 3764 524 3846 Merlay
555 3763 686 3841 tercius,
718 3765 774 3846 qui
805 3765 944 3827 eontulit
974 3764 1159 3827 hominibus
1195 3765 1236 3827 de
1258 3775 1369 3842 noym

86 3862 240 3944 Morpath
252 3859 660 3944 plureslibertatesquibus
671 3860 797 3922 adhunc
812 3867 957 3936 utuntur,
968 3862 1002 3922 in
1018 3867 1163 3943 tempore
1179 3882 1235 3924 suo
1259 3844 1354 3894 ‘m‘

86 3959 248 4020 ordinavit
263 3956 425 4039 quandam
441 3956 620 4019 cantariam
635 3961 824 4038 perpetuam
834 3957 868 4017 in
880 3957 1012 4019 ecclesia
1021 3957 1061 4019 de
1074 3957 1237 4040 Stauyng-

85 4060 143 4118 ton
159 4055 359 4132 duraturam,
375 4059 413 4115 ut
428 4073 485 4136 per
500 4060 623 4115 cartam
638 4059 826 4134 sequentem
841 4052 968 4134 plenius
982 4059 1031 4115 est
1046 4058 1219 4116 ostensum.

152 4245 311 4310 Omnibus
337 4245 464 4308 Sanctae
479 4245 596 4306 Matris
621 4244 773 4307 Ecclesiae
800 4243 877 4305 filiis
901 4245 941 4306 ad
964 4265 1042 4326 quos
1065 4249 1235 4327 praesentes
1257 4246 1381 4361 genleio

84 4343 190 4405 literae
225 4342 441 4424 pervenerint,
479 4339 623 4422 Rogerus
654 4340 693 4402 de
724 4338 849 4423 Merlay
878 4340 995 4402 tercius
1024 4341 1160 4404 salutem
1198 4344 1233 4405 in
1295 4313 1370 4428 δῖ

87 4459 162 4501 vero
187 4437 330 4501 salutari.
375 4437 513 4498 Noverit
538 4436 731 4498 universitas
755 4441 860 4498 vestra
881 4456 934 4498 me
958 4436 1076 4501 diviuae
1101 4439 1235 4520 pietatis
1256 4395 1406 4512 lillem.
1467 4487 1469 4497 .
