2940 5048
453 338 500 389 nu
525 337 621 390 uovo
647 338 882 391 noussrnuro.
1339 326 1385 397 14

141 505 319 583 Omnibus,
334 509 397 569 etc.
421 505 604 567 Willelmus
629 506 822 570 fi1.Th0mae
848 508 889 570 de
905 507 1068 589 Graistok‚
1084 511 1234 574 salutem.
1312 522 1360 587 vij·

79 601 243 665 Noveritis
258 623 312 665 me
327 622 385 685 pro
400 601 457 663 sal.
473 620 580 664 an.m.
590 610 625 663 ct
636 622 722 664 omn.
734 608 837 665 antec.
848 610 883 665 et
895 605 963 666 her.
973 627 1029 681 m.‚
1039 626 1125 668 conc.
1135 606 1234 690 (76b)
1259 588 1340 637 orant
1351 590 1381 638 ⁰¹⁴

79 706 153 783 etp.
166 721 197 762 c.
209 719 255 760 m.
267 699 353 761 conf.
366 698 435 760 Deo
445 702 479 760 et
494 698 533 759 B.
544 698 603 773 M„
612 698 693 759 Abb.
710 704 744 759 et
758 720 822 761 mo.
834 700 919 762 Novi
935 701 1024 763 Mon.
1042 708 1075 763 et
1089 724 1152 764 eor.
1163 724 1234 765 suc·
1257 669 1388 769 ivriiiiriilo

80 796 197 857 cessin
206 802 411 877 perpetuum,
421 795 453 855 in
466 791 525 855 lih.
536 798 644 875 punct
656 814 744 876 perp.
754 795 983 878 cl.,grangiarn
994 797 1033 858 de
1041 798 1190 862 Werihili
1199 804 1231 862 et
1256 787 1307 835 ⁸¹¹⁶
1319 786 1388 836 ⁰³¹⁸·

80 892 251 973 grangiam
274 890 315 953 de
340 890 479 953 Kestem
505 910 579 951 cum
603 910 688 952 omn.
704 896 782 953 terr.
797 898 831 953 et
853 894 1110 973 possessionibus,
1124 895 1181 957 lib.
1198 902 1232 957 et
1255 852 1368 967 iiiiii.

79 988 193 1049 asiam.
208 994 243 1049 et
258 1007 333 1048 cum
348 1006 434 1047 omn.
449 984 522 1047 aliis
537 986 630 1047 rebus
646 986 687 1047 ad
702 986 804 1049 dictas
820 989 969 1069 grangias
984 991 1232 1070 pert-inentibus,
1255 983 1388 1047 Graystocl

79 1104 158 1165 quas
172 1083 296 1144 habent
310 1103 350 1144 ex
360 1081 442 1143 dono
457 1080 591 1143 Patrioii
607 1080 668 1141 filii
684 1082 816 1163 Edgari,
828 1088 862 1144 et
877 1104 956 1165 quas
970 1085 1138 1147 habentes
1147 1088 1232 1149 dono

79 1178 112 1242 J.
127 1178 194 1241 filii
208 1178 356 1254 Patricii‚
379 1183 414 1239 et
437 1167 516 1259 quas
541 1176 663 1237 habent
686 1197 726 1238 ex
750 1178 832 1239 dono
856 1178 888 1240 J.
905 1179 949 1240 fil.
966 1180 998 1242 J.
1014 1180 1054 1242 dc
1070 1182 1123 1258 Κ.,
1140 1184 1232 1246 sicud

79 1280 177 1337 cartre
193 1275 419 1357 praedictorum
435 1272 549 1334 melius
564 1277 598 1332 et
611 1272 734 1353 plenius
750 1281 940 1355 proportant
955 1280 989 1337 et
1010 1280 1181 1355 testantur,
1198 1286 1232 1341 et

79 1372 171 1433 sicud
194 1370 455 1433 confirmaciones
479 1368 611 1430 Thomae
637 1368 682 1429 fil.
704 1368 862 1432 Willelmi
888 1371 929 1433 dc
954 1371 1106 1435 Graistok
1129 1377 1232 1456 patris

79 1469 147 1531 mei
173 1474 209 1529 et
233 1466 366 1529 Roberti
390 1465 435 1526 ffl.
462 1464 593 1525 Thomae
620 1464 728 1525 fratris
752 1466 818 1525 mci
842 1486 920 1546 quas
941 1467 1063 1530 habent
1077 1468 1117 1531 de
1132 1472 1230 1551 praed.

78 1564 176 1627 terris
201 1568 236 1625 et
257 1560 504 1645 possessionibus
519 1565 553 1622 et
568 1559 661 1621 rebus
676 1560 791 1622 melius
806 1566 840 1623 et
854 1562 980 1643 plenius
994 1571 1183 1646 proportant
1197 1578 1231 1627 ct

79 1664 251 1721 testantur.
297 1658 383 1720 Item
398 1656 535 1718 concessi
550 1661 584 1717 et
600 1676 630 1737 p.
647 1677 673 1717 o.
690 1676 734 1716 m.
751 1657 833 1717 conf.
851 1678 908 1739 pro
924 1678 976 1720 me
991 1666 1025 1721 et
1045 1661 1113 1724 her.
1137 1682 1182 1723 m.
1197 1670 1232 1724 et

79 1758 115 1819 in
132 1755 325 1841 perpetuum
346 1755 493 1837 quietum
508 1753 645 1815 clamavi
656 1753 753 1834 praed.
764 1753 837 1815 abb.
850 1760 884 1815 et
899 1775 961 1818 mo.
978 1762 1011 1819 et
1023 1778 1085 1820 cor.
1097 1780 1179 1821 succ.
1196 1761 1231 1821 in

79 1857 285 1937 perpetuum,
301 1855 409 1913 totum
430 1850 486 1932 jus
511 1855 545 1910 et
560 1848 713 1910 olamium
729 1849 813 1931 quod
829 1851 928 1912 hahui
944 1853 995 1913 vcl
1007 1852 1123 1916 habere
1137 1857 1230 1936 potui

79 1950 115 2011 in
126 1949 278 2030 homagio
293 1951 328 2009 et
341 1945 482 2007 serviciis
496 1945 699 2007 dominorum
714 1944 754 2005 de
770 1945 847 2007 villa
861 1946 900 2007 de
917 1947 957 2009 K.
978 1948 1011 2009 in
1028 1956 1230 2030 perpetuum.

80 2038 228 2109 Concedo
242 2042 346 2105 eciam
355 2046 389 2103 et
399 2062 431 2123 p.
442 2061 469 2101 c.
485 2061 529 2101 m.
542 2040 625 2101 conf.
636 2040 733 2121 praed.
749 2040 823 2101 abh.
841 2046 874 2101 et
889 2061 952 2102 mo.
969 2047 1003 2102 et
1019 2064 1081 2104 eor.
1098 2064 1180 2105 succ.
1196 2047 1231 2106 in

78 2145 273 2223 perpetuum
296 2137 385 2199 sicud
406 2143 495 2199 carta
517 2136 614 2218 praed.
631 2136 763 2197 Roberti
779 2156 876 2218 quam
891 2138 965 2200 inde
980 2138 1101 2201 habent
1115 2140 1232 2202 meiius

79 2242 116 2299 et
129 2236 258 2319 plenius
273 2238 438 2317 proportat
451 2240 486 2294 et
501 2237 649 2306 testatur,
665 2232 714 2293 ita
729 2231 881 2293 videlicet
904 2233 987 2313 quod
1010 2255 1069 2296 nec
1092 2254 1151 2317 ego
1173 2256 1232 2297 neo

78 2330 197 2415 aliquis
211 2331 319 2393 hered.
336 2348 481 2391 meorum
496 2328 547 2389 vel
562 2348 692 2389 success.
716 2348 821 2410 neque
843 2329 959 2410 aliquis
981 2330 1064 2392 alius
1083 2331 1158 2413 jure
1181 2332 1232 2393 vel

79 2428 211 2491 nomine
234 2430 343 2489 nostro
362 2424 417 2508 jus
440 2424 489 2485 vel
504 2423 657 2485 clamium
673 2424 706 2485 in
723 2443 809 2485 omn.
826 2425 888 2486 hiis
903 2446 975 2506 quae
990 2428 1142 2508 praedicta
1157 2437 1232 2491 sunt

79 2524 251 2587 vendicare
265 2522 318 2584 vel
332 2522 460 2601 exigere
475 2520 652 2602 poterimus
667 2519 701 2579 in
717 2525 919 2601 perpetuum,
929 2522 1016 2584 salvo
1028 2524 1109 2585 mihi
1119 2526 1229 2586 ether.

79 2620 163 2683 meis
175 2618 328 2701 homagio
342 2623 377 2679 et
387 2615 518 2678 servicio
533 2615 573 2676 de
582 2615 711 2698 VIneby
726 2636 800 2678 curn
811 2618 1031 2698 pertinenciis.
1078 2620 1151 2683 Hiis
1167 2629 1231 2685 tes-

79 2716 179 2779 tibus.

147 2906 319 2981 Omnibus,
342 2912 405 2969 etc.
428 2906 460 2968 J.
486 2904 531 2967 fil.
547 2904 580 2965 J.
596 2904 713 2965 tercius
732 2904 772 2966 de
788 2905 936 2981 Kestern‚
953 2908 1009 2970 sal.
1026 2910 1059 2970 in
1077 2909 1227 2973 Domino.
1296 2921 1345 2985 viij

79 3004 218 3069 Noverit
230 3003 422 3065 universitas
436 3006 540 3063 vestra
554 3020 607 3062 me
615 3001 772 3062 remisisse
784 3022 871 3064 conc.
882 3012 915 3065 et
925 3005 1054 3066 omnino
1065 3007 1228 3086 quietum·
1251 2985 1388 3101 bonipupim

78 3102 234 3165 clamasse
259 3100 301 3163 de
322 3120 376 3161 me
400 3104 436 3161 et
450 3098 516 3159 her.
534 3118 577 3157 m.
594 3097 628 3157 in
645 3102 836 3177 perpetuum
853 3099 983 3160 domino
999 3100 1164 3163 Willelmo
1181 3103 1225 3165 fil.
1251 3068 1388 3168 Ryestirriu

78 3198 214 3261 'l'homae
227 3196 268 3259 de
284 3192 447 3269 Graistolr‚
463 3192 649 3273 homagium
666 3196 701 3253 et
716 3194 886 3253 servicium
896 3192 985 3253 Will.
996 3193 1036 3254 de
1051 3194 1226 3258 Someruill
1251 3183 1321 3232 ΨΜ·
1332 3182 1364 3232 ‘¹⁰

76 3300 113 3355 et
128 3292 239 3355 hered.
253 3310 334 3353 suor.
350 3294 385 3352 et
405 3289 594 3370 assignatos.
618 3307 698 3349 suor.
724 3288 763 3349 de
786 3308 871 3348 omn.
895 3290 988 3348 terris
1010 3310 1084 3351 cum
1108 3293 1224 3373 pertin.
1250 3249 1388 3377 irriiiiiegi

77 3407 158 3469 quas
183 3386 223 3449 de
249 3384 398 3449 Johanne
422 3390 515 3466 patre
538 3403 610 3444 meo
634 3383 741 3444 tenuit
765 3383 797 3443 in
824 3381 951 3462 Vlneby
978 3402 1052 3443 cum
1077 3387 1226 3448 omnibus
1243 3379 1358 3433 ,etcduo

77 3484 199 3567 pertin.
222 3501 294 3564 quse
316 3480 359 3543 ad
382 3500 434 3541 me
457 3478 508 3541 vel
529 3479 595 3541 hcr.
621 3497 708 3540 meos
729 3498 785 3559 per
810 3478 898 3538 idem
913 3480 1098 3560 homagium
1115 3486 1148 3543 et
1164 3503 1227 3545 ser·
1248 3444 1372 3573 QUI-

78 3580 201 3641 vicium
209 3584 338 3661 possent
345 3577 483 3652 evenire,
492 3579 531 3635 ut
539 3576 574 3636 in
584 3574 849 3648 vardis,releviis,
859 3576 1002 3650 escaetis,
1018 3579 1052 3637 et
1062 3577 1144 3653 aliis,
1159 3579 1227 3640 sino

77 3674 188 3757 aliquo
201 3676 439 3745 retenement03
461 3672 508 3731 ita
523 3670 609 3751 quod
624 3689 684 3749 ego
699 3669 862 3731 Johannes
878 3669 928 3729 vel
945 3670 1078 3732 heredes
1093 3674 1158 3735 mei
1174 3674 1227 3736 vel

76 3770 197 3853 aliquis
218 3788 276 3851 pro
297 3787 350 3829 me
370 3766 494 3848 aliquid
512 3765 595 3848 juris
609 3765 661 3827 vel
676 3763 786 3827 clamii
802 3765 836 3825 in
851 3766 1013 3846 praedictis
1028 3767 1178 3851 homagio
1193 3775 1228 3832 et

76 3866 213 3930 servicio
223 3862 371 3946 praedicti
387 3862 476 3925 will.
491 3860 543 3924 vel
557 3860 664 3923 hered.
681 3880 762 3921 suor.
786 3860 837 3921 vel
852 3862 1039 3943 assignatos.
1055 3883 1137 3925 suor.
1153 3885 1226 3928 cum

77 3957 197 4041 pertin.
212 3959 278 4021 suis
291 3963 330 4021 ut
344 3958 535 4042 praedictum
550 3961 598 4019 est
612 3976 779 4038 nunquam
794 3957 834 4018 de
844 3962 958 4019 caetcro
971 3960 1098 4039 exigere
1109 3964 1228 4042 poteri-

76 4072 159 4117 mus.
204 4052 268 4117 Pro
282 4054 342 4117 hac
351 4058 461 4116 autem
472 4054 655 4115 remissione
667 4054 865 4114 concessione
877 4058 911 4114 et
922 4055 1228 4135 quietaclamacione

76 4150 250 4233 praedictus
263 4148 361 4235 (rsa)
382 4149 472 4212 will.
495 4148 540 4211 fil.
556 4149 686 4211 Thomae
697 4148 851 4210 relaxavit
874 4153 908 4209 et
928 4150 1228 4230 quictumolamavit

75 4245 160 4307 mihi
183 4252 220 4309 et
243 4247 310 4308 her.
332 4266 378 4307 m.
401 4245 589 4327 homagium
612 4250 646 4305 et
668 4244 838 4305 servicium
860 4244 945 4323 quod
968 4244 1043 4307 inde
1066 4247 1096 4308 ei
1123 4247 1227 4311 facere

76 4340 189 4417 debui,
204 4348 240 4403 et
261 4360 356 4425 super
375 4341 436 4402 hoc
451 4340 543 4403 dedit
558 4340 641 4401 mihi
656 4341 798 4421 quinque
813 4358 933 4399 marcas
948 4341 1086 4417 argenti.
1132 4344 1176 4407 Et
1192 4346 1226 4407 in

76 4434 173 4519 hujrrs
187 4438 235 4499 rei
250 4438 474 4500 testimonium
489 4456 625 4518 praesens
640 4436 797 4515 scriptruu
811 4434 907 4516 cirog.
924 4434 1032 4517 sigilt,
1049 4444 1111 4502 etc.

636 4546 682 4591 n2
