2940 5048
430 352 478 404 on
503 324 597 407 novo
623 352 860 406 noussrssro.

64 528 98 586 et
118 542 184 605 ays.
201 522 243 584 ad
264 521 366 604 prred.
381 527 500 584 terram
523 523 771 604 pertinentibus,
787 523 924 585 liberam
947 527 981 586 et
1003 526 1147 606 quietam
1173 524 1215 586 ab

64 639 151 683 omn.
166 640 249 681 serv.
268 638 355 681 cons.
371 623 406 681 et
427 620 535 696 sectis,
549 624 584 680 et
605 620 647 681 ab
669 639 755 681 omn.
779 619 852 681 aliis
875 620 970 682 rebus
993 622 1216 702 undecumque

64 714 341 797 provenientibus,
357 714 442 776 sicut
456 713 567 796 aliqua
581 714 621 779 el.
639 719 747 796 potest
765 715 899 777 liberius
921 720 956 777 et
978 717 1122 797 quiecius
1145 715 1216 776 dari

65 817 98 874 et
111 810 282 892 possideri,
297 815 331 871 et
346 810 430 871 sicut
445 810 480 870 in
495 817 584 871 carta
606 811 702 893 prsed.
719 811 878 874 Jobannis
893 832 990 894 quam
1010 811 1087 873 inde
1105 809 1216 884 habui,

65 911 99 969 et
119 905 221 989 praed.
245 905 357 968 abbati
380 909 414 967 et
437 906 603 968 monachis
625 907 757 982 tradidi,
772 906 899 988 plenius
923 908 1116 969 continetur.
1162 906 1216 967 Ita

64 1003 150 1085 quod
175 1006 351 1065 conventus
373 1002 491 1064 habeat
512 1002 554 1064 ad
576 1003 755 1085 pitanciam
779 1003 818 1064 de
841 1003 1102 1084 provenientibus
1116 1003 1214 1083 praed.

20 1142 26 1157 .
66 1104 171 1176 terrae,
196 1098 307 1161 decem
331 1097 450 1161 solidos
475 1099 612 1179 singulis
642 1099 746 1174 annis,
772 1098 812 1161 ad
841 1099 920 1161 duos
950 1100 1115 1173 terminos,
1145 1097 1215 1159 scil.

67 1197 210 1278 quinque
234 1194 350 1257 solidos
376 1195 418 1257 ad
443 1193 667 1270 Pentecosten,
692 1201 726 1257 et
747 1197 889 1277 quinque
913 1195 1005 1258 solid.
1028 1196 1070 1257 ad
1096 1196 1216 1257 festum

67 1291 180 1355 Sancti
196 1291 345 1355 Martini.
389 1289 551 1366 Testibus,
567 1297 628 1354 stc.

132 1481 304 1559 Omnibus,
322 1485 386 1544 etc.
431 1481 594 1545 Jobannes
616 1484 656 1546 de
677 1483 813 1566 Rydele,
828 1484 977 1547 salutem.
1024 1482 1140 1546 Sciatis
1161 1502 1215 1545 me
1290 1482 1341 1561 iiij·

10 1570 14 1585 '
67 1599 121 1663 pro
144 1577 265 1661 (123a)
280 1578 382 1641 salute
404 1579 521 1640 animae
543 1599 633 1656 meae,
648 1585 683 1642 et
705 1600 792 1643 omn.
810 1586 912 1642 antec.
928 1585 961 1642 et
984 1580 1049 1641 ber.
1065 1600 1108 1642 m.
1126 1600 1215 1642 conc.
1239 1549 1350 1666 ssqplrca

67 1681 100 1738 et
113 1696 147 1758 p.
164 1696 193 1737 c.
209 1675 293 1738 conf.
309 1675 392 1737 Abb.
408 1680 444 1736 et
457 1694 544 1736 mon.
560 1675 645 1738 Novi
661 1676 751 1738 Mon.
767 1681 871 1739 totam
893 1682 1013 1738 terram
1028 1696 1102 1737 cunr
1125 1696 1213 1738 omn.
1239 1680 1375 1757 confirma-

67 1774 185 1855 pertin.
208 1772 274 1833 suis
297 1772 332 1833 in
354 1771 447 1833 Nova
468 1770 680 1850 Pendemore,
695 1793 794 1856 quam
809 1774 900 1835 Will.
924 1774 964 1834 de
987 1772 1213 1847 Redmershill,
1237 1748 1383 1879 ἳζὲνζῖζξθ

66 1868 260 1951 capellanus,
274 1868 321 1930 sis
345 1867 436 1930 dedit
458 1874 492 1930 et
516 1872 604 1930 carte
628 1889 686 1931 sua
712 1869 924 1945 confirmavit,
948 1870 982 1930 in
1005 1868 1063 1929 lib.
1087 1872 1214 1949 punct
1239 1879 1306 1928 John
1318 1853 1350 1931 'ds

66 1986 155 2048 perp.
171 1963 214 2027 el.
261 1963 408 2027 Concessi
431 1984 505 2025 vero
528 1968 562 2026 et
577 1985 608 2047 p.
625 1986 652 2028 c.
669 1966 751 2028 conf.
767 1986 824 2048 pro
839 1986 892 2027 me
907 1965 1022 2027 ether.
1038 1985 1081 2025 m.
1097 1966 1215 2045 imper·
1239 1945 1345 2009 Rydale.

67 2068 204 2145 pet-uum
220 2060 341 2123 eisdem
356 2059 467 2121 abbati
483 2063 518 2122 et
540 2080 628 2123 mon.
643 2063 766 2123 dictam
780 2068 901 2124 terram
917 2081 991 2121 cum
1007 2080 1091 2122 omn.
1108 2060 1165 2123 lib.
1182 2067 1215 2122 et

67 2179 129 2242 ays.
145 2159 183 2219 in
205 2157 355 2218 omnibus
377 2159 412 2218 et
431 2175 489 2237 per
510 2157 620 2218 omnia
643 2158 819 2220 secundum
840 2157 975 2218 formam
999 2161 1095 2219 cartae
1117 2157 1216 2238 praed.

67 2254 155 2316 Will.
172 2274 271 2336 quam
286 2253 368 2315 dicti
394 2251 491 2314 abbas
506 2256 540 2314 st
555 2273 642 2316 mon.
657 2254 697 2316 de
713 2255 826 2316 eadem
841 2259 927 2315 terra
942 2252 1073 2328 habent,
1082 2258 1116 2314 et
1131 2254 1216 2314 sicut

68 2350 179 2413 cadem
195 2356 285 2411 carta
304 2347 421 2411 melius
442 2353 477 2410 et
500 2347 626 2430 plenius
648 2354 816 2432 proportat
839 2355 873 2411 et
896 2354 1043 2411 testatur.
1089 2349 1134 2410 Et
1155 2369 1215 2430 ego

67 2444 140 2508 Joh.
156 2452 191 2507 et
206 2443 272 2507 ber.
288 2445 352 2507 mei
362 2443 457 2526 praed.
474 2448 594 2506 terram
606 2466 680 2506 cum
693 2466 778 2508 omn.
795 2450 877 2528 pert.
899 2445 963 2507 suis
979 2445 1037 2507 lib.
1053 2447 1086 2506 et
1102 2465 1166 2527 ays.
1183 2450 1215 2506 et

67 2562 151 2604 omn.
179 2541 422 2623 praenominatis
444 2541 564 2602 eisdem
588 2541 701 2603 abbati
727 2547 761 2604 et
795 2542 961 2604 monachis
987 2548 1100 2603 contra
1129 2561 1215 2603 omn.

66 2638 211 2701 homines
237 2642 272 2699 et
298 2637 388 2699 dotes
417 2636 611 2698 feminarum
635 2639 912 2700 warantizabimus
943 2642 977 2700 et
1006 2637 1215 2700 defendemus

66 2734 318 2817 imperpetuum.
363 2732 440 2795 Hiis
455 2732 602 2808 testibus,
618 2738 680 2797 etc.

132 2926 293 2991 Omnibus
308 2927 401 3003 banc,
417 2929 479 2988 etc.
524 2926 684 2989 Robertus
696 2927 854 3010 Baynard,
865 2929 999 2991 salutem
1015 2928 1049 2989 in
1065 2927 1214 2989 Domino.
1302 2951 1331 2992 v·

67 3023 147 3086 Nov.
164 3044 217 3086 me
232 3043 289 3105 pro
312 3021 368 3084 sal.
383 3041 436 3083 an.
451 3042 494 3083 m.
511 3026 546 3083 et
568 3042 655 3084 omn.
670 3029 773 3087 antec.
789 3031 823 3087 et
845 3027 911 3086 her.
929 3045 973 3085 m.
989 3024 1061 3085 ded.
1078 3044 1165 3085 conc.
1181 3027 1216 3084 et
1240 3007 1360 3122 ssssl’lm‘

67 3120 98 3182 h.
113 3141 146 3203 p.
163 3140 192 3182 c.
208 3119 292 3183 conf.
307 3119 376 3181 Deo
396 3124 430 3180 et
452 3117 492 3180 B.
507 3118 555 3180 M.
571 3118 654 3181 Abb.
670 3126 704 3182 et
726 3143 812 3183 mon.
829 3121 911 3182 Novi
928 3119 1017 3180 Mon.
1034 3120 1214 3200 specialiter
1238 3142 1262 3187 A
1273 3111 1383 3203 pisanos

67 3216 106 3278 sd
132 3215 317 3277 faciendam
342 3214 519 3296 pitanciam
546 3215 581 3276 in
605 3221 765 3278 conventu
796 3217 830 3277 in
854 3215 906 3276 die
930 3214 1041 3276 Sancti
1066 3214 1214 3276 Niclrolai
1238 3205 1393 3320 ξῖῑζάἓῖῑζ]

68 3311 317 3394 imperpetuum,
333 3311 454 3392 viginti
473 3315 664 3373 acrasterrae
687 3312 720 3372 in
737 3312 815 3373 villa
830 3317 863 3373 et
886 3311 1045 3373 territorio
1061 3312 1100 3372 de
1123 3310 1215 3372 Nova
1240 3309 1313 3387 nard.
1352 3287 1368 3334 y

67 3406 289 3481 Pendcmorc;
309 3405 376 3468 scil.
392 3406 427 3466 in
442 3406 527 3467 tofto
543 3410 577 3467 et
592 3407 693 3468 crofto
709 3429 806 3469 unam
821 3427 939 3482 acram,
955 3411 988 3467 et
1003 3426 1116 3467 novem
1129 3427 1215 3467 acras

64 3502 211 3585 jacentes
225 3502 261 3563 in
276 3501 308 3562 le
323 3499 536 3584 Mydelsyete,
547 3500 643 3582 juxta
657 3507 776 3564 terram
792 3504 914 3565 domini
930 3502 1047 3584 Rogeri
1063 3502 1102 3563 de
1117 3501 1216 3563 Wod-

67 3604 206 3681 ryngton
222 3618 329 3660 versus
345 3602 500 3673 austrum,
510 3603 545 3659 et
557 3598 635 3659 duas
651 3619 739 3660 acras
748 3621 787 3661 ex
803 3599 950 3662 orientali
961 3603 1051 3680 parte
1061 3599 1102 3660 ad
1112 3598 1216 3679 capud

67 3695 164 3777 praed.
180 3714 297 3757 novem
313 3714 472 3769 acrarum,
489 3694 638 3755 cadentes
661 3695 696 3755 in
711 3695 857 3777 Potling,
873 3702 906 3758 et
922 3701 1060 3777 quatuor
1075 3715 1163 3756 acras
1178 3715 1217 3755 ex

67 3797 158 3871 parte
170 3789 324 3853 orientali
331 3789 373 3851 de
384 3788 518 3871 Potling
529 3788 625 3870 juxta
635 3791 720 3852 viam
729 3793 853 3874 regiam
869 3792 1017 3853 cadentes
1027 3792 1060 3852 in
1072 3791 1217 3872 Potling,

68 3892 101 3949 et
120 3892 261 3969 quatuor
283 3905 371 3947 acras
394 3885 540 3966 jacentes
562 3885 658 3966 juxta
683 3886 897 3951 Christianam
914 3888 1043 3948 viduam
1066 3908 1104 3948 ex
1126 3893 1218 3967 perte

69 3981 201 4045 australi
225 3981 376 4044 cadentes
400 4001 494 4063 super
521 3981 659 4063 capitale
681 3983 844 4059 fossatum,
870 4004 944 4045 cum
976 4003 1062 4045 omn.
1086 3982 1217 4063 tysiam.

69 4079 246 4141 communis
269 4082 304 4140 et
326 4077 466 4159 pasturis
489 4076 530 4138 od
553 4078 651 4158 praed.
675 4083 794 4140 terrem
817 4079 1095 4161 qualitercumque
1118 4080 1218 4159 perti-

69 4174 221 4237 nentibus
236 4193 293 4234 seu
308 4174 470 4254 pertinere
486 4173 690 4249 debentibus,
707 4180 775 4235 tam
791 4175 875 4236 infra
885 4176 996 4236 villam
1009 4182 1218 4256 quamextra.

69 4270 145 4333 Ten.
160 4274 195 4332 et
217 4268 291 4331 hab.
307 4269 406 4350 praed.
422 4269 496 4331 abb.
510 4274 546 4330 ct
567 4289 654 4330 mon.
674 4276 708 4331 et
724 4292 833 4332 eorum
857 4271 1095 4347 successoribus,
1110 4273 1144 4333 in
1160 4271 1217 4332 lib.

70 4385 140 4447 pur.
164 4370 201 4429 ct
224 4385 315 4448 perp.
342 4365 382 4426 el.
408 4365 449 4426 ab
482 4385 568 4426 omn.
592 4366 727 4427 servicio
754 4366 909 4444 saeculari,
936 4368 1164 4430 consuetudine
1185 4372 1220 4430 et

73 4463 251 4539 exaccione,
277 4466 370 4524 rect
396 4462 555 4524 demanda
581 4461 834 4543 imperpetuum,
856 4463 935 4526 adeo
958 4463 1069 4541 libere,
1099 4465 1218 4546 quiete,
