2940 5048
425 365 474 418 oa
497 364 593 418 uovo
618 363 854 419 1011111110,
1317 341 1389 416 209

65 534 161 597 finem
176 533 290 598 fecisse
306 534 341 595 in
356 536 446 596 ouria
461 533 585 597 domini
603 535 665 596 mei
682 534 816 597 Roberti
829 536 868 597 de
885 536 948 598 Ros
964 538 1050 620 apud
1066 538 1212 598 Wcrcam
1237 543 1351 592 Multum

64 650 136 693 cum
144 630 272 693 Abbate
283 633 317 692 et
326 631 492 694 monachis
507 631 548 692 de
557 631 648 693 Novo
661 631 750 694 Mon.
766 633 806 694 de
816 633 935 714 placito
945 635 1029 716 quod
1050 635 1114 696 fuit
1129 635 1213 695 inter
1237 608 1382 724 pffiqu

62 746 113 789 me
137 732 173 790 et
196 726 269 788 illos
284 746 379 809 super
392 727 537 790 multura
556 725 596 788 de
615 727 777 789 dominico
797 729 908 790 domus
929 750 1009 792 meae
1030 731 1214 812 pertinente
1238 740 1301 789 mill.

61 824 100 886 ad
114 822 338 886 molendinum
353 843 447 886 suum
462 824 502 886 de
517 823 664 888 Stretton
677 849 686 899 ;
701 825 827 886 scilicet
844 826 929 907 quod
942 846 1002 907 ego
1018 832 1052 888 et
1068 826 1136 887 her.
1149 845 1213 888 mer

62 918 208 982 dabimus
231 920 329 1002 praed.
352 920 517 982 monachis
539 920 708 982 annuatim
731 920 809 1002 xviij
828 942 864 994 1.,
889 922 979 983 irad
997 922 1214 984 Nativitatem

62 1015 205 1096 Domini,
219 1020 255 1077 et
269 1016 303 1076 ix
317 1015 359 1076 ad
376 1015 597 1078 Pentecosten.
643 1015 688 1077 Et
710 1036 770 1096 ego
786 1021 820 1077 11
834 1016 902 1078 her.
918 1038 962 1078 m.
978 1018 1081 1099 quieti
1096 1018 1213 1078 erimus

61 1110 100 1173 11
115 1110 267 1173 omnibus
281 1111 323 1172 11
338 1110 436 1193 praed.
451 1110 674 1173 molendinum
694 1112 938 1192 pertinentibus.
984 1112 1029 1174 Et
1044 1134 1100 1174 nos
1115 1112 1215 1174 mole·

62 1227 132 1268 mus
147 1207 270 1289 priores
283 1212 354 1288 post
370 1207 465 1268 illum
479 1208 535 1288 qui
549 1206 683 1269 bladum
698 1206 814 1268 habuit
825 1208 859 1269 in
868 1209 1014 1270 temeto.¹
1047 1209 1093 1270 Et
1104 1228 1214 1271 omncs

61 1303 161 1365 nostri
177 1301 368 1385 praedictum
383 1303 613 1378 molendinum,
629 1305 796 1384 sequencia
815 1310 848 1365 et
871 1304 1046 1366 molturam
1060 1325 1151 1366 suem
1166 1304 1213 1366 ibi

61 1399 198 1462 dabunt.
247 1399 442 1461 Haecomnia
451 1399 549 1481 praed.
565 1399 704 1460 tenenda
723 1404 757 1459 et
773 1399 912 1461 fideliter
928 1400 1123 1462 observanda
1139 1421 1213 1462 cum

60 1494 228 1579 legalitate
242 1515 318 1576 erga
340 1515 394 1557 eos
416 1497 484 1557 sine
506 1494 593 1557 malo
616 1495 746 1576 ingenio
762 1496 795 1556 in
812 1516 909 1557 manu
924 1495 1082 1558 Johonnis
1097 1499 1212 1578 prioris

59 1591 204 1673 ejusdem
229 1591 341 1654 domus
366 1590 494 1652 affidavi
521 1591 648 1673 quando
674 1591 756 1652 hanc
786 1598 910 1653 cartam
941 1613 1035 1674 super
1066 1598 1212 1654 sanctum

58 1687 161 1750 altare
176 1686 294 1750 obtuli.
338 1688 414 1748 Hiis
428 1687 577 1765 testibus,
592 1693 656 1750 etc.

124 1869 294 1949 omnbus,
308 1871 1210 1935 euwnrermusfiruurdevneruuuatonsarurem.
1284 1840 1340 1938 vir·

58 1967 178 2031 Sciatis
186 1987 250 2045 me,
260 1967 394 2030 oonsilio
410 1969 586 2030 amicorum
602 1973 637 2030 et
651 1968 818 2029 hominum
833 1989 988 2043 meorum,
1000 1968 1099 2029 talem
1114 1968 1212 2029 finem
1236 1937 1360 2069 ζ’ἒῃξξζῐι

60 2063 173 2126 secisse
186 2064 222 2126 in
237 2064 325 2125 curia
340 2063 462 2125 domini
486 2065 551 2126 mei
574 2062 707 2125 Roberti
723 2064 763 2125 de
779 2064 853 2137 Ros,
869 2064 954 2145 apud
970 2063 1133 2141 Werkam,
1149 2069 1211 2126 etc.
1235 2071 1321 2122 above.

61 2157 180 2222 Omnia
188 2159 271 2222 sicut
282 2161 318 2222 in
327 2161 472 2241 proxima
483 2159 680 2242 praeoedente
692 2164 780 2222 carta
791 2159 831 2221 de
844 2160 938 2221 verbo
950 2161 983 2221 in
997 2160 1139 2238 verbum,
1149 2165 1213 2224 111.

127 2341 288 2407 Omnibus
302 2343 359 2406 has
373 2343 493 2422 literas,
507 2348 569 2406 etc.
615 2343 713 2426 Hugo
729 2344 774 2406 fil.
791 2343 941 2426 Gregorii
965 2345 1005 2407 de
1030 2344 1211 2420 Bittliston‚
1295 2371 1332 2420 5,-

60 2439 209 2503 salutem.
254 2439 390 2503 Noverit
411 2440 602 2502 universitas
625 2446 730 2502 vestra
752 2441 837 2522 quod
860 2461 900 2502 ex
916 2442 1048 2522 antiquo
1064 2446 1211 2522 tempore
1236 2437 1310 2487 Fruar

58 2539 235 2619 antequam
260 2535 441 2598 Euerardus
467 2535 508 2598 de
534 2535 599 2597 Ros
625 2535 717 2597 dedit
745 2537 910 2598 monachis
936 2537 976 2599 de
1002 2537 1094 2599 Novo
1120 2536 1210 2600 Mon.
1235 2511 1377 2619 ffifffflt

59 2632 262 2697 Strattonam
285 2653 358 2694 eum
380 2653 467 2695 omn.
490 2636 574 2714 pert.
595 2653 619 2695 s.
643 2633 677 2693 in
693 2653 764 2714 pur.
781 2637 814 2695 et
829 2639 919 2715 perp.
935 2634 987 2711 el,
1003 2638 1211 2696 antecessores
1234 2637 1320 2685 above.

58 2726 181 2813 (11511)
194 2728 260 2789 mei
275 2733 309 2790 et
332 2727 477 2790 homines
500 2748 611 2789 eorum
634 2730 737 2790 secuti
761 2734 893 2791 suntet
916 2730 1007 2811 sequi
1030 2730 1212 2793 debuerunt

58 2824 282 2887 molendinum
303 2823 343 2886 de
358 2822 518 2887 Stratton.
565 2824 618 2886 Ita
639 2824 725 2907 quod
748 2825 871 2887 domini
895 2826 934 2887 de
957 2827 1111 2908 praedicte
1134 2825 1212 2888 villa

59 2923 100 2985 de
115 2919 288 2984 Bittliston
311 2921 415 3003 quieti
435 2920 557 2982 fuerint
579 2941 598 2982 a
620 2921 763 2983 multura
778 2921 818 2984 de
834 2922 899 2983 solo
915 2943 973 2983 suo
989 2922 1161 2997 dominico,
1178 2928 1212 2983 et

60 3036 172 3079 omnes
195 3017 340 3079 homines
369 3036 481 3078 eorum
505 3016 670 3078 molebant
691 3017 732 3079 11
756 3018 1082 3093 terciumdecimum,²
1106 3023 1141 3079 et
1165 3018 1213 3078 ita

60 3111 266 3175 observatum
281 3117 443 3194 estusque
458 3112 499 3173 ad
514 3116 642 3194 tempus
657 3133 777 3174 meum.
823 3112 862 3172 In
879 3117 1022 3192 tempore
1037 3132 1110 3172 meo
1125 3117 1213 3172 mota

61 3212 111 3270 est
125 3207 258 3290 querela
272 3208 357 3269 inter
371 3227 424 3269 me
439 3215 474 3269 et
489 3207 589 3289 praed.
604 3208 787 3282 monachos,
803 3207 879 3288 quia
891 3206 970 3267 falso
985 3206 1083 3267 michi
1100 3206 1212 3267 dotum

59 3308 109 3366 est
132 3302 276 3386 intelligi
301 3324 320 3366 a
344 3303 545 3386 quibusdem,
569 3303 653 3385 quod
681 3303 778 3384 praed.
794 3302 1014 3363 molendinum
1037 3304 1127 3382 sequi
1148 3322 1211 3363 non

60 3419 185 3481 possem
209 3399 386 3482 distringi.a
430 3398 493 3462 Sed
519 3419 574 3481 per
597 3400 765 3461 consilium
803 3399 942 3459 virorum
967 3399 1147 3479 sapientum
1178 3405 1213 3460 11

59 3497 191 3560 amicor.
206 3515 363 3572 meorum,
379 3496 483 3557 omnis
498 3495 627 3578 querela
641 3497 727 3558 inter
742 3516 794 3556 me
809 3501 841 3556 et
859 3495 956 3576 praed.
970 3495 1142 3556 monachos
1153 3495 1212 3556 hoc

59 3591 122 3654 fine
137 3592 274 3674 quievit.
320 3591 410 3665 Quod
433 3612 493 3674 ego
509 3596 544 3653 et
558 3591 626 3652 her.
644 3592 708 3654 mei
733 3591 889 3653 molemus
912 3590 1045 3652 bladum
1066 3596 1212 3651 nostrum

59 3689 99 3750 ad
114 3687 216 3771 praed.
231 3686 452 3749 molendinum
474 3687 515 3749 de
539 3686 686 3749 Stratton
709 3689 854 3768 proxime
877 3692 949 3768 post
974 3687 1104 3749 bladum
1126 3686 1212 3766 quod

60 3784 276 3847 invenerimus
302 3784 336 3846 in
363 3788 496 3858 tameto,
521 3789 555 3844 11
579 3784 699 3845 erimus
724 3784 827 3864 quieti
852 3784 892 3845 de
918 3783 1059 3844 multura
1083 3782 1123 3843 de
1146 3782 1213 3844 solo

59 3885 170 3943 nostro
200 3880 374 3958 dominico,
396 3886 431 3942 et
455 3899 565 3941 omnes
590 3881 734 3941 homines
758 3881 858 3941 nostri
883 3879 923 3940 de
949 3879 1046 3961 praed.
1073 3878 1149 3940 villa
1173 3879 1213 3941 de

114 4017 121 4046 ¹
135 4013 173 4068 So
184 4013 348 4085 apparently.
385 4014 505 4085 Perhaps
515 4013 557 4067 for
568 4013 708 4079 tomiu'um,
722 4012 846 4075 cribrum,
859 4031 911 4083 quo
924 4013 1010 4065 forino
1022 4020 1157 4082 purgatur.

112 4093 125 4125 ²
149 4093 204 4146 Vas
214 4092 390 4146 understood.
427 4092 485 4145 The
504 4092 660 4164 proportion
682 4092 713 4144 of
721 4109 786 4144 corn
798 4091 911 4162 payable
923 4110 952 4144 as
964 4092 1013 4143 toll
1027 4092 1070 4143 sor
1085 4091 1213 4160 grindiug

60 4172 150 4226 attha
162 4170 245 4225 lord’s
257 4170 325 4225 mill
362 4170 420 4226 The
432 4177 543 4225 amount
555 4170 644 4224 oftoll
665 4169 756 4223 varied
768 4189 774 4233 ;
795 4186 845 4240 eg.
869 4169 1020 4222 sometimes
1039 4169 1062 4221 it
1074 4187 1130 4223 was
1149 4171 1213 4224 rice-

60 4251 157 4304 eimum
169 4268 224 4317 111,
236 4256 266 4303 11
277 4249 356 4303 other
367 4249 446 4303 times
458 4255 560 4303 sertum
577 4249 713 4309 1111111111,
728 4255 773 4300 etc.
811 4247 844 4300 In
857 4265 929 4302 some
943 4266 1014 4302 cases
1035 4258 1129 4318 granta
1142 4267 1212 4302 wera

63 4329 142 4384 mede
154 4328 187 4384 of
195 4328 325 4399 grinding
335 4328 391 4382 1111
402 4328 434 4382 ol
443 4329 569 4381 multure.

112 4405 123 4435 ²
141 4408 178 4463 So
190 4408 219 4463 in
231 4407 279 4462 the
291 4407 362 4474 MS,
373 4407 464 4460 which
476 4414 549 4460 must
562 4406 594 4460 be
606 4407 670 4460 here
683 4406 842 4477 incorrectly
856 4404 1028 4468 1111111111,
1043 4407 1129 4460 either
1141 4408 1211 4460 srour

62 4501 96 4538 11
107 4486 203 4541 earlier
213 4503 283 4559 copy
295 4502 327 4539 or
338 4485 408 4539 from
421 4485 468 4539 the
480 4484 593 4554 original
606 4485 760 4539 document.

627 4585 646 4627 1‘
