2940 5048
459 367 506 423 nn
531 368 627 422 soro
652 368 887 422 uosssnnmo.
1344 341 1414 415 117

75 535 123 602 dc
138 536 327 623 Heygbam,
342 540 377 601 in
394 536 588 602 escambium
603 539 706 602 tocius
722 544 814 601 terrae
829 539 1056 620 praedictorum
1072 539 1188 620 prioris
1204 542 1236 600 et
1260 539 1342 591 landa

79 656 177 697 conr.
200 635 241 698 de
267 634 520 708 Hextildisbam,
545 656 643 718 quam
666 635 850 697 habuerunt
872 635 912 697 de
935 635 1018 697 dono
1041 636 1174 696 Thomas
1197 634 1237 696 de

80 730 285 813 Dyuelestcn
312 752 388 794 cum
410 732 621 814 pertinenciis
644 730 677 793 in
699 751 813 813 campo
836 732 876 794 de
900 731 1072 813 Heygbam
1090 738 1237 812 exparte

83 825 202 888 boriali
226 827 324 889 rivuli
350 827 392 889 de
410 826 608 889 Milnburnc.
655 827 708 888 Ita
731 834 841 888 tamen
859 828 945 909 quod
970 828 1072 889 iidem
1096 828 1181 909 prior
1205 832 1238 888 et

83 942 181 984 conv.
203 924 245 985 de
268 922 509 986 Hextildisham
531 923 668 985 reddant
688 924 856 984 annuatim
880 923 977 984 dictis
1000 923 1072 985 abb.
1090 929 1124 984 et
1147 942 1237 983 conv.

86 1018 173 1080 Novi
188 1019 278 1080 Mon.
295 1020 439 1101 quinque
455 1019 571 1082 solidos
586 1020 626 1081 ad
643 1019 761 1081 festum
778 1019 889 1081 Sancti
906 1019 1045 1081 Martini
1062 1021 1095 1080 in
1114 1020 1238 1101 hyeme.

86 1115 134 1176 Et
147 1115 315 1177 sciendum
330 1115 416 1196 quod
432 1121 576 1197 utraque
591 1120 699 1197 partes
714 1116 944 1196 praedictorum
959 1116 1032 1176 abb.
1050 1122 1084 1176 et
1100 1135 1190 1176 conv.
1206 1120 1240 1176 et

86 1212 318 1294 praedictorum
334 1214 448 1294 prioris
463 1220 498 1274 et
512 1232 603 1274 conv.
620 1213 654 1273 in
677 1219 822 1293 tempore
845 1219 957 1293 aperto
980 1220 1053 1294 post
1076 1218 1240 1274 vecturam

86 1313 286 1390 asportatam
300 1329 340 1370 ex
349 1314 485 1391 utraque
496 1314 589 1390 parte
600 1308 697 1369 rituli
707 1307 854 1388 praedicti
867 1308 999 1369 insimul
1008 1330 1083 1370 cum
1093 1308 1241 1370 omnibus

86 1404 284 1466 animalibus
308 1405 374 1467 suis
403 1405 437 1466 in
468 1406 562 1467 terris
592 1404 754 1487 praedictis
786 1404 1082 1467 communicabunt.
1128 1405 1241 1466 Liceat

86 1501 221 1582 insuper
244 1501 407 1583 praedictis
432 1501 532 1582 priori
558 1508 592 1562 et
618 1520 710 1562 conv.
736 1500 776 1561 de
803 1499 1044 1562 Hextildisbam
1071 1510 1105 1562 et
1130 1521 1241 1562 eorum

87 1596 323 1658 successoribus
353 1600 418 1658 tres
447 1617 535 1659 acras
562 1603 655 1659 terrae
682 1615 738 1678 per
768 1597 959 1677 praedictum
986 1597 1059 1658 abb.
1086 1604 1120 1658 et
1149 1617 1240 1658 conv.

87 1696 265 1755 oestimatas
288 1713 328 1754 ex
354 1694 485 1754 australi
510 1698 602 1774 parte
627 1693 725 1753 rivuli
752 1692 792 1754 de
815 1691 1013 1767 Milnburne‚
1035 1694 1068 1753 in
1095 1693 1165 1754 loco
1185 1694 1242 1774 qui

87 1790 210 1851 dicitur
232 1787 446 1871 Heruesflagh
472 1789 639 1851 includere
665 1787 776 1849 domos
802 1788 962 1850 aedificare
984 1795 1019 1850 et
1045 1790 1154 1850 omnia
1177 1788 1242 1850 alia

88 1886 268 1948 necessaria
289 1885 395 1947 iacere
414 1890 449 1947 et
470 1885 505 1946 in
530 1885 666 1967 separali
690 1884 840 1959 retinere,
863 1905 939 1946 cum
962 1884 1063 1946 libero
1085 1886 1242 1966 ingressu,

87 1982 231 2044 transitu
260 1987 295 2043 et
318 1983 409 2043 exitu
431 2001 489 2063 per
510 1983 653 2044 rivulum
675 1982 715 2043 de
738 1981 926 2042 Milnburne
950 2001 1049 2061 usque
1076 1980 1117 2042 ad
1141 1979 1242 2041 altam

90 2080 181 2140 viam
197 2077 287 2139 sicud
302 2083 436 2139 actenus
451 2080 500 2139 usi
517 2083 592 2139 sunt
608 2076 764 2159 usquead
780 2075 962 2157 Heygham‚
973 2082 1006 2136 et
1022 2076 1066 2137 sic
1083 2077 1242 2158 perillam

89 2176 178 2237 viam
200 2173 243 2236 ad
264 2174 419 2235 animalia
442 2180 477 2237 et
500 2181 606 2236 cetera
630 2174 806 2235 necessaria
824 2193 891 2248 sua,
913 2175 1054 2254 exceptis
1083 2173 1187 2235 bladis
1209 2179 1243 2235 et

90 2271 192 2353 pratis
208 2289 308 2352 usque
323 2269 365 2331 ad
381 2290 503 2331 moram
518 2270 558 2332 de
575 2269 755 2351 Crakelagh
778 2268 836 2329 ubi
857 2268 977 2330 debent
996 2269 1242 2332 communicare.

90 2367 135 2429 Et
144 2372 182 2428 ut
195 2366 254 2428 bee
265 2362 348 2450 (ltoe)
360 2367 577 2428 concessiones
587 2372 621 2427 et
633 2368 753 2427 mutuae
765 2364 849 2426 scodi
867 2365 1066 2427 dimissiones
1080 2372 1243 2447 perpetuae

89 2462 258 2524 firmitatis
273 2461 371 2523 robur
385 2463 565 2544 optineant,
580 2468 687 2544 partes
703 2461 893 2523 alternatim
907 2463 1057 2543 praescnti
1073 2461 1192 2542 scripto
1208 2462 1244 2523 in

88 2558 225 2621 modum
240 2559 425 2640 cirographi
447 2559 593 2620 confecto
616 2557 724 2638 sigilla
745 2577 802 2618 sua
817 2561 1043 2638 apposuerunt.
1090 2558 1165 2619 Hiis
1181 2567 1244 2619 tes·

87 2656 187 2731 tibus,
203 2655 334 2717 domino
349 2654 472 2716 Thomu
487 2654 528 2717 de
543 2654 731 2715 Diuelaston
753 2660 831 2714 tunc
847 2654 1050 2715 vice-comite
1065 2653 1244 2715 Northum·

88 2751 180 2828 briae,
211 2751 338 2813 Thoma
368 2751 408 2813 de
437 2750 634 2824 Milnburne‚
665 2750 807 2811 Roberto
838 2749 878 2811 de
909 2750 1077 2825 Boteland‚
1104 2750 1174 2812 Ada
1203 2750 1242 2812 de

89 2847 238 2922 Warton‚
255 2846 396 2909 Roberto
411 2846 452 2908 de
467 2845 607 2908 Fauoon’
622 2852 655 2908 et
672 2845 768 2906 aliis.l

512 3140 689 3204 GRADUS
713 3141 824 3202 Illl¹¹⁸.

557 3284 779 3351 KESTERN.

159 3405 256 3491 (tub)
279 3405 399 3472 Black.

157 3599 255 3687 (bla)
277 3600 439 3663 Walterus
462 3599 548 3662 filius
569 3599 640 3662 Yvo
667 3600 815 3662 omnibus
837 3606 910 3675 etc,
926 3598 1070 3663 salutem.
1116 3598 1241 3663 Notum
1254 3628 1391 3697 'Manange

88 3699 135 3760 sit
150 3697 242 3760 vobis
257 3697 344 3780 quod
359 3718 418 3779 ego
434 3704 468 3759 et
483 3696 615 3758 heredes
630 3697 695 3758 mci
710 3698 823 3758 damus
839 3704 869 3758 et
887 3698 1090 3759 concedimus
1113 3698 1240 3781 lidgam
1266 3699 1411 3776 settlrement

90 3794 160 3856 filio
183 3793 359 3876 Ccspatrici
381 3795 511 3857 comitis
533 3815 608 3855 cum
624 3793 695 3855 Aliz
719 3815 823 3856 sorore
845 3815 917 3855 mea
940 3800 974 3855 et
993 3794 1162 3856 heredibus
1177 3797 1242 3857 suis
1266 3764 1427 3896 {Wfffflssr

90 3910 134 3952 en
148 3889 411 3972 iraunkmariage
426 3894 531 3952 totam
547 3895 666 3952 terram
682 3910 779 3971 quam
795 3897 886 3971 pater·
896 3911 985 3951 meus
1001 3890 1071 3952 l'vo
1086 3897 1120 3952 et
1136 3893 1242 3974 Agnes
1267 3914 1311 3948 son
1324 3867 1426 3958 onvd,

91 3992 198 4048 mater
222 4006 297 4048 mea
320 3987 479 4049 dederunt
503 3991 537 4048 et
568 3992 792 4048 concesserunt
821 3986 868 4047 eis
899 4006 937 4046 en
970 3985 1242 4069 franukmariage,

92 4081 229 4160 scilicet,
244 4103 265 4144 x
289 4085 443 4159 maneria,
466 4082 624 4144 Vluenebi
652 4089 687 4144 et
710 4083 914 4144 Thornetona
936 4082 1033 4164 juxta
1046 4083 1136 4160 Tese,
1152 4091 1186 4145 et
1208 4085 1241 4146 in

93 4177 356 4255 Westmarilond‚
375 4179 637 4243 Chonocsalebild
656 4184 690 4240 et
711 4179 886 4253 Euenewit,
903 4182 937 4240 et
959 4180 994 4240 iu
1019 4177 1245 4259 sumbernun,

93 4273 286 4351 Gleneklau‚
301 4280 336 4336 et
350 4276 385 4337 in
401 4274 572 4352 Cokedale‚
587 4275 701 4336 Tirwit
717 4278 752 4336 et
767 4274 852 4348 Cera,
876 4280 910 4336 et
925 4274 1044 4338 Thossc
1059 4282 1093 4337 et
1108 4277 1245 4340 alteram

94 4371 192 4433 'losse
206 4375 240 4432 et
250 4371 462 4455 Flotweyton,
477 4392 551 4433 cum
566 4391 695 4433 nemore
711 4376 745 4432 et
756 4369 853 4451 plano
866 4376 900 4433 et
912 4378 1005 4453 prato
1016 4378 1050 4434 et
1065 4394 1139 4435 cum
1154 4376 1247 4456 aquis

471 4517 479 4548 ¹
498 4513 618 4570 Entered
630 4512 666 4585 by
680 4531 695 4568 a
708 4513 776 4569 later
788 4513 867 4570 hand.
