2940 5048
453 124 502 178 nn
526 125 621 179 novo
647 126 883 182 uonssrnaro.
1346 105 1417 182 197

84 286 255 358 willelmo
285 293 327 358 de
356 293 469 385 Spens,
498 299 533 358 et
562 296 676 359 multis
706 297 791 359 aliis.
844 297 931 360 Data
960 297 1046 380 apud
1076 293 1244 372 Echewik,

81 388 255 457 haedis
271 391 389 454 mensis
404 381 498 469 Maii,
512 411 598 454 anno
614 392 746 454 Domini
761 400 811 454 m⁰
825 401 895 455 ccc⁰
909 393 1001 455 lxxx⁰
1022 393 1082 477 vj0,
1097 397 1133 457 et
1147 393 1243 476 regni
1266 398 1365 462 haya,

80 489 171 572 regis
186 487 321 551 Ricardi
336 487 468 551 secundi
484 493 558 571 post
571 493 792 571 conquaestum
809 489 936 572 Angliae
951 509 1046 552 nono.
1266 467 1405 516 ²*⁰··¹³⁸⁶

152 678 280 766 (isis)
299 676 424 744 suu.

541 918 794 988 ιδ’ΤΙίΕΟΤΟΝ.Ι

374 1067 509 1131 Gnaeus
531 1068 674 1133 Snxrnsz
698 1071 805 1136 Locus
827 1071 968 1134 Parare.

154 1209 277 1295 (108³)
299 1211 455 1276 Omnibus
484 1221 604 1278 sancta
633 1217 746 1278 matris
775 1216 931 1279 ecclesiae
946 1217 1034 1295 filiis,
1063 1222 1134 1279 tam
1163 1237 1246 1298 prae·
1270 1244 1390 1295 (lmntof

81 1309 235 1372 sentibus
262 1329 360 1392 quam
389 1310 519 1388 futuris,
550 1311 731 1375 Euerardus
756 1314 798 1375 de
831 1312 906 1388 Ros,
932 1314 1081 1376 salutem
1127 1313 1245 1376 Sciatis
1269 1310 1387 1370 streuon

85 1424 142 1468 me
158 1404 284 1469 dedisse
299 1410 334 1468 et
347 1407 498 1489 praesenti
518 1413 607 1470 carta
627 1429 699 1470 mea
724 1409 927 1472 confirmasse
953 1409 1022 1471 Deo
1048 1414 1083 1471 et
1106 1409 1245 1472 abathiae
1269 1379 1371 1494 ἓζῆοζ
1286 1376 1421 1441 yllusvmd

87 1499 220 1565 Sanctae
244 1502 360 1565 Mariae
379 1503 465 1564 Novi
480 1503 681 1580 Monastcrii,
696 1509 730 1566 et
753 1504 919 1566 monachis
942 1504 1063 1566 ibidem
1086 1504 1155 1567 Deo
1181 1526 1246 1566 ser·

87 1598 269 1676 vientibus,
300 1619 359 1681 pro
387 1601 498 1662 anima
529 1600 665 1662 Henriei
701 1603 787 1683 regis
817 1601 960 1678 senioris,
991 1605 1025 1663 et
1055 1622 1112 1682 pro
1142 1601 1245 1663 salute

86 1693 216 1759 domini
238 1695 305 1757 mei
321 1695 455 1758 Henrici
470 1697 566 1778 regis,
581 1697 642 1758 filii
656 1696 815 1773 Matildis,
842 1701 877 1758 et
892 1697 1033 1759 filiorum
1058 1717 1197 1773 suorum,
1212 1702 1248 1759 et

87 1809 149 1875 pro
163 1791 335 1853 animabus
349 1792 487 1854 Walteri
503 1793 618 1875 Espec,
632 1797 667 1855 et
681 1792 720 1855 R.
737 1793 777 1855 de
792 1794 867 1869 Rea,
884 1794 986 1876 patris
1002 1793 1066 1854 mei
1083 1799 1117 1855 et
1132 1794 1246 1855 matris
1330 1812 1332 1816 ⁴

87 1904 184 1965 mete,
199 1893 236 1949 et
251 1887 396 1951 omnium
410 1893 646 1951 antecessorum
671 1909 830 1966 meorum,
845 1890 881 1951 et
904 1909 962 1971 pro
986 1887 1089 1950 salute
1115 1910 1188 1951 mea
1211 1893 1245 1951 et

88 1980 249 2045 heredum
263 2003 419 2060 meorum,
434 1985 469 2046 in
484 1983 621 2047 liberam
642 1990 677 2048 et
699 1991 889 2068 perpetuam
907 1985 1125 2061 elemosinam,
1141 1985 1247 2048 Stret·

88 2079 233 2157 tunam‚'
248 2099 306 2162 per
320 2099 392 2142 suas
402 2085 507 2143 rectas
518 2082 648 2159 divisas,
659 2089 777 2143 etcum
789 2102 874 2144 omn.
887 2083 1006 2162 pertin.
1023 2083 1088 2143 suis
1104 2083 1139 2143 in
1151 2081 1245 2144 bosco

88 2177 124 2237 et
138 2173 251 2258 plano,
265 2174 300 2237 in
315 2177 417 2258 pratis
432 2182 466 2238 et
491 2179 644 2259 pasturis,
659 2177 721 2238 viis
737 2182 772 2240 et
798 2179 932 2253 semitis,
957 2178 1050 2259 aquis
1065 2184 1099 2240 et
1122 2176 1244 2240 molen·

89 2269 188 2346 dinis,
204 2276 240 2333 et
254 2272 406 2334 omnibus
421 2271 493 2334 aliis
509 2273 615 2350 rebus,
631 2271 768 2335 liberam
791 2279 824 2335 et
840 2275 985 2355 quietam
1000 2279 1034 2335 et
1049 2273 1188 2335 solutam
1203 2274 1245 2337 ab

88 2368 180 2431 omni
195 2374 324 2432 terreno
334 2369 467 2432 servicio
482 2375 517 2432 et
531 2370 700 2432 exaccione
709 2370 865 2448 saeculari,
875 2373 909 2432 et
924 2370 1063 2452 placitis,
1078 2375 1112 2432 et
1127 2372 1244 2447 assisis,

88 2468 123 2528 et
136 2463 279 2540 auxiliis,
290 2471 324 2528 et
333 2465 446 2548 geldis,
456 2470 490 2528 et
505 2465 704 2548 denegeldis,
714 2470 749 2527 et
764 2466 977 2548 homegeldis,
987 2473 1022 2529 et
1036 2466 1095 2529 illo
1112 2468 1247 2530 servicio

89 2562 176 2645 regis
190 2561 278 2643 quod
294 2567 426 2624 vocatur
440 2561 579 2641 Vtware,
595 2568 629 2624 et
651 2562 801 2624 omnibus
827 2563 902 2625 aliis
926 2563 1069 2625 serviciis
1088 2570 1122 2626 et
1148 2564 1246 2626 rebus

90 2656 242 2720 omnibus
256 2678 328 2741 quae
342 2658 459 2741 aliquis
474 2679 531 2740 pro
546 2664 633 2721 terra
647 2660 776 2741 exigere
790 2665 908 2740 potest.
932 2659 1026 2721 Hanc
1036 2658 1246 2722 elemosinam

91 2752 218 2816 scilicet
227 2760 261 2817 et
276 2754 493 2832 Strectunam,
505 2776 581 2817 cum
596 2755 747 2817 omnibus
762 2751 971 2838 pertinenciis
983 2757 1059 2831 suis,
1070 2760 1109 2817 ut
1120 2757 1247 2818 dictum

90 2855 152 2928 αἱ,
167 2850 246 2912 dedi
260 2851 308 2912 eis
322 2870 380 2932 pro
394 2870 447 2913 me
462 2856 496 2913 et
518 2852 585 2913 her.
602 2872 645 2913 m.
656 2851 703 2912 ita
720 2851 775 2913 lib.
792 2852 907 2933 etqui.
924 2852 1007 2912 sicut
1022 2871 1166 2932 unquam
1188 2852 1249 2913 ali·'

90 2965 158 3029 qua
181 2945 358 3009 elemosina
380 2946 497 3009 melius
520 2952 555 3010 et
582 2948 716 3009 liberius
742 2954 776 3009 et
803 2949 947 3030 quiecius
971 2946 1041 3007 dari
1065 2949 1186 3027 potuit,
1212 2952 1248 3010 et

90 3060 150 3125 per
163 3042 222 3105 has
236 3042 367 3119 divisas,
383 3042 515 3119 scilicet,
531 3045 616 3106 sicut
631 3043 802 3106 Alribume
813 3043 910 3125 juxta
925 3042 1132 3104 Strectunam
1147 3043 1248 3105 currit

91 3131 133 3200 ad
148 3137 319 3216 Kideford,
334 3139 423 3201 etde
439 3139 597 3203 Kideford
612 3141 697 3202 sicut
712 3140 817 3201 divisa
831 3139 1012 3201 Strectunae
1035 3142 1069 3200 et
1093 3138 1248 3199 Brother·

91 3233 166 3316 wyk
185 3235 278 3297 vadit
295 3235 337 3297 ad
358 3235 608 3314 Herefordesles,
624 3242 658 3298 et
683 3237 799 3298 exinde
826 3235 910 3296 sicut
937 3235 1040 3296 divisa
1067 3233 1249 3297 Strectunae

90 3348 150 3412 per
164 3334 382 3393 transversum
398 3332 622 3395 Herelordeles
641 3331 731 3394 vadit
754 3352 852 3413 usque
875 3331 916 3393 ad
938 3330 1108 3405 Hereford,
1123 3335 1158 3392 et
1173 3331 1249 3393 inde

92 3445 153 3509 per
167 3425 280 3490 Kolset
295 3447 395 3510 usque
413 3429 454 3491 ad
474 3429 631 3491 fossatum
646 3428 685 3490 de
703 3423 863 3511 Wyteley,
878 3432 912 3489 et
936 3426 1011 3489 inde
1036 3427 1121 3488 sicut
1147 3427 1250 3489 divisa

93 3521 278 3587 Strectunae
292 3524 384 3587 vadit
398 3525 440 3586 ad
454 3525 674 3600 Merethome,
694 3528 729 3585 et
739 3523 925 3605 indeusque
937 3524 977 3585 ed
991 3522 1249 3585 Hundhakeston

93 3623 129 3683 et
152 3620 194 3682 de
217 3619 384 3683 Milneden
407 3621 505 3684 etde
529 3620 715 3683 Milneburn
733 3639 832 3700 usque
855 3620 896 3681 ad
914 3618 1200 3701 Colepethebume,
1216 3624 1250 3680 et

92 3715 172 3779 inde
182 3717 333 3798 usquead
345 3717 647 3791 Harethomeburn,
658 3721 693 3777 et
704 3716 744 3777 de
755 3714 1023 3776 Harethornburn
1035 3734 1092 3796 per
1102 3715 1249 3776 semitam

94 3831 168 3896 quae
182 3812 276 3875 vadit
291 3833 398 3876 versus
413 3816 512 3877 north
523 3834 625 3896 usque
640 3813 682 3874 ad
697 3812 784 3874 viam
801 3832 873 3894 quae
887 3811 978 3873 ducit
988 3810 1085 3892 juxta
1099 3815 1251 3872 truncum

148 3954 159 3988 ¹
176 3954 253 4010 Here
274 3973 309 4010 sn
328 3957 423 4012 earlier
440 3956 626 4028 handwriting
636 3955 739 4027 begins,
752 3953 854 4009 similar
866 3961 895 4007 to
907 3954 970 4006 that
981 3953 1008 4007 in
1022 3952 1068 4006 the
1080 3953 1179 4008 former
1190 3959 1252 4026 part

93 4033 127 4089 of
136 4032 184 4088 the
195 4033 275 4090 bools.
312 4034 370 4091 The
382 4037 497 4109 spelling
508 4035 561 4090 and
574 4035 772 4090 abbreviatione
783 4052 829 4088 are
841 4031 988 4087 somewhat
1000 4031 1131 4087 different

148 4112 160 4144 ¹
176 4113 244 4168 This
263 4115 287 4169 is
298 4115 444 4188 certainly·
455 4116 595 4171 Strecton'
608 4114 637 4168 in
649 4115 697 4169 the
708 4114 834 4184 heading,
846 4111 897 4165 but
908 4111 1053 4165 elsewhere
1065 4111 1090 4165 it
1100 4112 1125 4166 is
1135 4112 1251 4169 difficult

93 4197 124 4247 to
144 4191 228 4246 know
240 4195 363 4250 whether
386 4195 434 4250 the
462 4194 548 4251 scribe
569 4195 618 4250 has
636 4200 728 4249 meant
745 4199 775 4248 to
794 4192 874 4246 write
890 4190 1066 4245 ‘Strectuns'
1087 4208 1118 4246 or
1145 4193 1153 4225 ‘
1163 4191 1252 4251 Strot-
