2940 5048
376 318 529 372 roanos
554 320 599 372 01³*
624 319 672 372 AN
697 319 850 374 suemus
875 323 975 377 sont.

96 481 355 548 molendinorum
370 486 607 568 predictorum,
622 492 734 551 tamen
752 496 845 572 patet
868 493 952 573 quod
969 491 1024 574 jus
1038 495 1171 576 petendi
1186 495 1242 558 illa

95 580 323 664 multipliciter
344 588 394 644 est
415 583 700 662 discontinuatum,
724 588 800 668 quia
822 608 842 650 a
863 589 916 650 (116
941 589 1151 653 confeccionis
1174 612 1242 654 car·

93 681 203 741 aarum
218 679 446 761 predictarum
461 680 616 761 usquead
630 701 715 744 nune
729 701 833 764 neque
848 703 888 745 cx
903 687 995 766 parte
1010 685 1135 747 abbatis
1154 686 1240 748 Novi

95 773 287 837 Monasterii
302 775 358 858 qui
368 795 426 857 pro
440 779 585 858 tempore
600 776 709 855 166111,
723 798 826 860 neque
848 800 886 841 ex
908 785 1001 862 parte
1022 781 1044 844 J
1045 781 1179 843 ohannis
1199 783 1240 845 (16

95 869 250 949 Plesseto,
263 891 367 954 neque
381 871 499 953 aliquis
519 873 682 935 haeredum
704 894 833 936 suorum
855 895 955 958 usque
977 877 1013 937 in
1036 876 1120 939 hunc
1141 879 1239 955 diem,

95 966 176 1028 talia
201 966 358 1030 demands
380 967 584 1050 protulerunt
606 989 710 1050 neque
733 978 934 1052 accepemnt,
954 973 1009 1035 sed
1035 973 1166 1036 omnino
1184 973 1238 1055 jus

96 1081 189 1125 suum
217 1064 253 1125 in
282 1063 342 1125 166
371 1069 462 1146 parte
491 1065 625 1127 mutatis
654 1065 896 1129 haereditatibus
924 1088 963 1130 ex
989 1088 1052 1130 una
1075 1072 1177 1151 parte,
1204 1073 1239 1132 et

94 1159 344 1222 alienaeionibus
358 1161 527 1242 completis
542 1181 581 1223 ex
603 1160 667 1224 alia
688 1166 780 1244 parts
801 1163 1129 1227 discontinuaverimt.
1176 1165 1238 1228 Eo-

93 1253 169 1316 dem
183 1255 279 1317 modo
296 1255 352 1337 jus
374 1257 505 1336 petendi
527 1261 657 1333 sectam,
680 1257 841 1336 multurae,
856 1261 1097 1341 reparacionum
1119 1262 1237 1344 stagni,

92 1351 244 1432 eariagia,
258 1370 363 1432 opera,
378 1356 413 1413 ct
428 1350 521 1433 hujus
544 1352 632 1414 modi
654 1352 764 1415 debita
786 1373 842 1416 seu
867 1359 1020 1419 consueta
1034 1357 1164 1419 omnino
1187 1362 1237 1419 661

91 1443 293 1509 dissolutum.
338 1447 383 1509 Et
412 1448 490 1528 quia
518 1447 736 1530 Yerehaulgh,
766 1448 988 1533 Lynehaulgh,
1017 1454 1051 1514 61
1084 1472 1166 1534 aqua
1195 1451 1235 1516 de
1261 1463 1371 1519 116166.

91 1540 202 1622 Β1)11,
218 1562 291 1604 cum
306 1543 513 1625 pertinenciis
527 1544 561 1604 in
577 1544 672 1606 cartis
686 1545 861 1608 nominatis
876 1567 947 1628 quae
962 1550 1038 1609 sunt
1053 1548 1087 1609 16
1103 1548 1182 1610 villa
1195 1549 1236 1613 (16

90 1636 315 1721 Stanyngtone
336 1657 401 1701 non
416 1638 596 1720 specialiter
617 1642 772 1703 notantur
787 1660 843 1722 per
864 1662 898 1704 se
915 1647 955 1705 ut
976 1663 1077 1704 unum
1091 1663 1235 1725 grossum

85 1733 141 1817 jus
156 1735 192 1795 in
207 1739 294 1796 carta
309 1753 408 1815 quam
427 1734 590 1797 lohannes
610 1735 650 1797 de
671 1735 815 1799 Plesseto
837 1738 915 1801 fecit
938 1739 1064 1821 quando
1080 1739 1236 1803 alienavit

89 1829 216 1912 Rogero
241 1831 281 1893 (16
304 1831 538 1913 Wodringtone
554 1832 735 1892 manerium
763 1831 804 1895 dc
834 1833 956 1897 Plesses
985 1839 1019 1898 et
1049 1835 1163 1898 villam
1193 1837 1235 1899 (16

89 1925 248 1989 Shottone
264 1946 338 1987 cum
347 1927 569 2009 pertinenciis,
578 1926 715 1989 dicendo
731 1933 742 1963 ‘
750 1927 825 1991 dedi
835 1930 937 1992 eciam
952 1936 986 1993 61
997 1932 1136 1994 concessi
1145 1931 1233 1996 (11616

87 2022 214 2105 Rogero
237 2021 288 2084 vel
312 2021 512 2084 confeoffatis
534 2022 609 2099 suis,
629 2024 739 2085 omnia
764 2029 875 2101 terres,
898 2029 932 2088 et
958 2032 1142 2089 tenementa
1162 2048 1235 2091 mea

88 2140 163 2181 cum
185 2118 393 2201 pertinenciis
413 2119 448 2179 in
472 2117 677 2201 Stanyngton
690 2119 713 2193 ;’
736 2121 801 2195 sed,
816 2126 855 2183 ut
876 2126 1019 2204 putatur,
1043 2123 1235 2206 simpliciter

87 2219 268 2280 manerium
292 2217 332 2280 (16
358 2216 481 2279 Plesses
506 2220 541 2280 et
556 2217 669 2279 villam
693 2219 732 2280 de
756 2218 893 2282 Shotton
915 2241 990 2282 cum
1004 2222 1231 2304 pertinenciis:

87 2314 160 2376 ideo
174 2318 307 2396 apparet
322 2313 407 2395 quod
423 2313 596 2396 praedictus
610 2313 632 2374 J
634 2314 772 2376 ohannes
788 2315 827 2377 de
843 2316 985 2378 Plesseto
1001 2337 1064 2378 non
1079 2316 1232 2381 alienavit

85 2411 176 2473 (11616
192 2410 315 2491 Rogero
330 2429 368 2472 ea
389 2413 490 2472 terras
506 2413 540 2473 61
561 2413 748 2473 1666166616
770 2412 804 2473 in
820 2411 1054 2495 Stanyngtone,
1070 2414 1125 2476 sed
1147 2414 1232 2477 obiit

85 2525 126 2567 ex
141 2506 186 2567 eis
201 2506 339 2581 scisitus,
355 2505 433 2567 licet
447 2505 554 2568 dictus
569 2505 713 2588 Rogerus
727 2507 886 2590 ingressus
898 2511 947 2571 est
961 2514 1000 2571 61
1015 2529 1052 2572 ea
1067 2530 1139 2592 quae
1154 2515 1231 2573 sunt

80 2601 126 2662 (16
142 2602 350 2683 pertinenciis
364 2602 464 2683 ipsius
478 2601 613 2664 manerii
628 2602 668 2664 de
682 2603 814 2680 Plesses,
829 2609 863 2666 et
878 2604 955 2667 villa
975 2606 1015 2669 de
1031 2606 1182 2685 Shotton‚
1197 2612 1231 2669 et

83 2717 149 2759 non
165 2697 204 2759 (16
221 2694 298 2760 villa
313 2698 353 2760 (16
369 2698 601 2781 Stanyngtone.

151 2890 197 2953 Et
209 2894 322 2952 tamen
336 2890 499 2953 Johannes
521 2890 561 2952 (16
577 2891 809 2974 Wodryngton,
825 2892 909 2956 filius
932 2896 966 2956 et
987 2894 1088 2958 haeres
1109 2895 1227 2979 Rogeri
1256 2904 1326 2955 Yon·

84 2986 124 3048 de
139 2987 391 3068 Wodryngtone,
408 2984 575 3047 clamando
594 2987 654 3048 sibi
674 2987 829 3069 majorem
841 2989 1059 3069 quantitatem
1074 2991 1114 3051 (16
1129 2991 1229 3055 Υ616-
1252 2972 1352 3037 haulqk.

84 3082 218 3165 haulgh,
229 3102 326 3164 quam
342 3084 377 3143 in
392 3082 490 3144 cartis
505 3080 624 3162 Rogeri
636 3082 675 3144 (16
690 3082 816 3164 Merlay
830 3084 1023 3159 continetur,
1039 3085 1106 3147 sive
1121 3087 1228 3150 dictus

82 3185 175 3260 pater
191 3198 264 3240 suus
278 3178 329 3241 vel
344 3178 525 3240 ieoffatores
540 3178 588 3238 sui
603 3182 678 3240 ante
693 3180 779 3260 ipsos
794 3177 976 3240 habuerunt
984 3179 1108 3242 ibidem
1119 3180 1227 3265 aliquo

83 3279 227 3355 tempore
253 3273 373 3356 injuste
391 3277 425 3336 et
445 3278 557 3335 contra
577 3272 714 3335 sormam
732 3277 893 3335 cartarum
917 3275 1173 3356 praescriptarum
1192 3280 1226 3340 in

82 3367 141 3430 illa
156 3368 316 3451 particula
331 3368 371 3430 (16
385 3368 592 3450 Yerehaulgh
608 3389 678 3450 quae
701 3373 751 3433 est
766 3388 804 3430 ex
827 3373 918 3450 parte
941 3369 1090 3432 orientali
1104 3372 1228 3434 molen-

82 3464 151 3526 dini
167 3465 310 3546 aquatici
326 3464 366 3526 do
381 3464 514 3539 Plesses,
530 3484 601 3545 quse
617 3469 706 3526 extra
715 3469 836 3526 cartam
848 3470 898 3527 est
908 3466 1040 3527 remissa
1049 3466 1226 3531 haeredibus

81 3560 163 3621 (11611
178 3559 297 3641 Rogeri
311 3560 352 3622 (16
367 3559 493 3641 Merlsy
508 3578 565 3640 per
579 3559 601 3622 J
602 3560 762 3622 ohannem
777 3560 817 3622 de
832 3560 1001 3622 Whitlawe
1009 3560 1050 3623 (16
1065 3562 1226 3643 Herfford,

80 3655 238 3717 Thomam
268 3654 347 3718 Fort
377 3655 417 3716 (16
439 3654 606 3729 11611666,
636 3654 741 3718 David
779 3656 819 3718 de
856 3655 1015 3734 Knetone‚
1046 3657 1226 3721 Johannem

81 3749 246 3827 Clerkson,
270 3750 471 3812 Willelmum
496 3749 608 3813 Collan
630 3751 833 3814 forestarium
864 3751 903 3813 (16
926 3751 1073 3828 Shotton,
1100 3753 1227 3817 Willel-

80 3857 172 3900 mum
195 3837 306 3901 Collan
331 3838 507 3920 juniorem,
537 3837 694 3900 Thomam
725 3838 847 3917 Carter,
870 3838 1076 3921 Radulphum
1105 3840 1227 3923 Dyker,

79 3933 261 3996 Johannem
287 3934 327 3997 de
354 3933 563 4012 Shirbourne,
593 3938 627 3996 et
656 3934 838 3997 Johannem
866 3934 1027 3997 Thomson
1054 3935 1156 4018 dyker
1185 3938 1226 4000 de

80 4028 239 4092 Shottone
262 4030 341 4092 16611
357 4030 477 4092 sucsidi
507 4035 637 4091 centum
664 4031 839 4112 querculos,
860 4035 991 4093 centurn
1011 4032 1161 4109 fraxinos,
1192 4038 1226 4095 ct

77 4126 220 4188 multum
244 4126 346 4188 alium
369 4125 559 4188 subboscum
582 4145 639 4208 pro
664 4124 847 4188 molendino
872 4125 929 4188 illo
959 4127 1146 4208 reparando,
1172 4129 1225 4191 die
1251 4117 1369 4182 Aprilis

76 4221 249 4284 Mercuriae
275 4221 354 4308 (616)
378 4221 471 4303 xvjm
500 4222 554 4283 (116
584 4223 704 4282 mensis
733 4221 864 4303 Aprilis,
895 4240 978 4282 anno
1003 4223 1095 4304 regni
1126 4222 1226 4307 Regis
1251 4197 1303 4235 ''¹'‘
1318 4187 1390 4234 1399.

76 4317 207 4380 Ricardi
235 4319 366 4381 secundi
387 4318 706 4395 vicesimosecundo,
728 4318 763 4379 in
786 4317 1076 4380 exhaeredacionem
1102 4319 1224 4381 domini

75 4413 240 4496 Radulphi
256 4414 384 4478 baronis
400 4415 439 4476 de
456 4413 616 4497 Graystok
631 4433 694 4476 non
711 4414 874 4477 modicum
888 4419 922 4476 et
936 4418 1170 4497 contemptum.
