2940 5048
445 367 495 420 nn
518 366 613 420 novo
638 364 873 420 MONASTERIO.

76 536 168 600 omni
191 534 419 620 inpedimento
441 538 508 600 mei
533 536 585 600 vsl
605 537 712 599 uxoris
733 554 815 597 meae
829 534 880 596 vel
899 533 1015 614 amign.
1031 534 1224 595 nostrorum.

78 636 123 698 nt
137 635 166 697 si
182 632 282 717 prsed.
297 635 418 717 aseign.
434 634 535 697 nostri
549 633 658 716 aliquo
673 637 817 714 tempore
832 631 866 692 in
881 630 1043 693 solucione
1057 628 1140 691 dicti
1154 627 1227 689 red-

78 730 167 795 ditus
182 731 224 794 ad
239 730 339 814 praed.
353 733 512 794 terminos
532 730 721 806 defecerint,
735 728 850 791 licebit
871 728 969 790 dictis
983 745 1046 789 mo.
1062 725 1226 807 postulate

79 824 218 889 licencia
232 846 253 890 a
266 825 389 889 ballivo
410 825 537 889 domini
558 825 657 909 praed.
673 824 794 886 toftum
810 822 861 886 vel
880 823 1011 885 domum
1033 822 1227 903 distringere

78 941 247 1005 quousque
260 921 425 1006 predictis
439 941 504 984 mo.
520 922 561 985 ds
575 921 673 1004 praed.
689 920 819 983 redditu
839 919 1060 982 satisfecerint.
1106 919 1151 980 Et
1165 937 1226 1001 ego

79 1016 274 1081 lambertus
296 1023 333 1081 et
355 1017 487 1081 Matild’
509 1038 589 1080 uxor
613 1037 685 1079 mea
710 1014 763 1078 vel
784 1017 902 1098 assign.
917 1016 1018 1078 nostri
1040 1014 1138 1097 praed.
1153 1015 1227 1077 red-

78 1113 187 1178 ditum
200 1115 300 1197 praed.
315 1133 381 1176 mo.
397 1118 510 1177 contra
524 1133 610 1176 omn.
626 1113 773 1175 homines
788 1117 823 1174 et
837 1112 975 1174 feminas
989 1131 1062 1174 war.

57 1378 61 1383 ,
145 1303 317 1381 Omnibus,
342 1309 405 1368 etc.
431 1304 586 1368 Ricardus
612 1305 824 1367 cementarius
854 1304 894 1366 de
923 1302 1087 1385 Morpeth,
1113 1323 1157 1366 sa.
1187 1305 1223 1366 in
1302 1312 1340 1379 iiij

79 1401 233 1465 Domino.
269 1402 352 1465 Nos.
368 1420 421 1464 me
436 1421 493 1485 pro
508 1421 553 1465 se.
565 1420 617 1464 an.
630 1420 674 1462 m.
687 1405 722 1462 et
737 1419 824 1462 omn.
839 1402 944 1462 antec.
960 1410 993 1461 et
1009 1400 1075 1461 her.
1091 1419 1137 1461 m.
1148 1399 1189 1463 de
1319 1462 1346 1494 m

79 1518 168 1561 0000.
184 1498 267 1561 0111.
284 1518 317 1582 p.
333 1517 361 1560 c.
377 1516 422 1559 m.
438 1497 521 1561 conf.
537 1497 605 1559 Deo
620 1496 707 1558 01Β.
722 1496 770 1557 M.
786 1495 860 1559 abb.
875 1500 909 1557 et
924 1515 1014 1557 conv.
1029 1495 1114 1558 Novi
1131 1495 1222 1558 Mon.
1247 1511 1371 1575 Morpeth‚

1191 1400 1222 1463 d‘
1248 1380 1329 1456 Grant
1340 1381 1369 1429 of

1248 1445 1308 1494 land

79 1598 114 1657 et
121 1614 188 1659 eor.
199 1614 284 1657 succ.
293 1598 329 1657 et
342 1594 460 1677 assign.
475 1594 510 1655 in
519 1592 578 1656 lib.
590 1611 660 1675 pur.
676 1602 711 1654 01
725 1611 813 1673 perp.
830 1590 872 1654 el.
882 1589 897 1673 j
915 1591 1026 1653 rodam
1040 1596 1134 1654 terree
1148 1612 1222 1654 cum
1247 1577 1399 1694 {goiim}

79 1691 292 1773 pertinenciis
314 1690 380 1752 suis
401 1690 437 1751 in
459 1687 538 1750 villa
553 1688 594 1750 ds
608 1686 771 1769 Morpeth,
787 1706 859 1769 quae
878 1685 968 1768 jacet
991 1687 1079 1747 inter
1102 1690 1223 1749 terram
1394 1681 1399 1692 '

79 1784 211 1848 Auem?
231 1784 392 1849 carnificis
417 1805 457 1846 ex
473 1784 488 1867 j
511 1788 604 1866 parte
623 1787 657 1846 et
679 1788 800 1845 terram
819 1782 932 1844 Aliciae
951 1783 1059 1844 uxoris
1081 1782 1225 1865 ejusdem

79 1879 212 1945 Ricardi
224 1901 265 1943 ex
273 1881 385 1943 011010.
430 1880 515 1942 Hab.
526 1883 561 1941 et
569 1883 637 1942 ten.
648 1879 728 1941 dict.
739 1877 813 1940 abb.
823 1882 858 1939 et
868 1897 959 1940 conv.
972 1881 1006 1940 et
1015 1896 1077 1939 eor.
1088 1897 1173 1941 succ.
1184 1877 1226 1940 de

79 1981 182 2040 meet
197 1976 264 2040 her.
279 1995 324 2039 m.
340 1975 398 2038 lib.
413 1977 480 2058 qui.
492 1977 620 2056 integre
636 1993 711 2036 cum
725 1993 811 2035 omn.
827 1973 930 2036 libet
944 1973 1056 2034 asiam.
1071 1972 1114 2034 ad
1128 1973 1226 2054 praed.

78 2077 157 2135 terr.
173 2072 294 2154 pertin.
310 2073 346 2133 in
360 2071 473 2135 eadem
490 2070 570 2134 villa
591 2070 682 2133 sicud
703 2068 815 2151 aliqua
828 2068 869 2131 el.
886 2068 1018 2130 liberius
1033 2073 1068 2130 et
1082 2069 1227 2149 quiecius

79 2167 150 2229 deri
172 2171 283 2249 potest
304 2165 357 2230 vel
379 2168 494 2245 teneri,
520 2167 590 2229 sine
611 2185 697 2228 omn.
713 2165 870 2247 inpedim.
886 2163 940 2226 vel
955 2163 1139 2226 condicione
1162 2165 1227 2226 mei

80 2263 290 2326 1011100111.
336 2262 383 2324 Et
405 2282 466 2346 ego
490 2261 596 2324 dictus
620 2261 691 2323 Ric.
707 2266 742 2324 et
762 2261 890 2322 110001.
906 2259 994 2342 praef.
1018 2259 1130 2322 rodem
1153 2279 1227 2321 cum

79 2359 199 2441 pertin.
221 2379 246 2421 s.
269 2358 362 2421 sicud
383 2357 482 2440 proed.
505 2360 556 2419 est
578 2356 676 2419 dictis
698 2355 771 2419 abb.
795 2360 830 2418 01
855 2374 945 2418 00οι.
966 2358 1001 2418 01
1023 2375 1087 2418 001.
1107 2356 1226 2438 assign.

78 2461 191 2517 contra
207 2450 279 2538 (left
293 2451 372 2518 ltus
385 2448 609 2535 uofiatiebed).

142 2642 244 2731 (4911)
267 2645 443 2721 Universis,
465 2648 529 2708 etc.
552 2644 734 2707 Willelmus
755 2644 796 2707 de
818 2644 973 2710 Neuburn
994 2644 1035 2708 de
1058 2645 1223 2729 Morpeth,
1302 2667 1362 2728 ’v’

79 2739 219 2804 salutem
233 2743 270 2803 in
284 2742 436 2804 Domino.
480 2739 564 2814 Quia
585 2740 683 2803 abbas
705 2745 739 2804 01
761 2760 852 2802 conv.
867 2740 953 2803 Novi
968 2740 1059 2804 Mon.
1075 2741 1115 2804 de
1136 2742 1225 2804 omni
1250 2716 1396 2847 ffiffln

79 2836 212 2900 redditu
225 2858 265 2900 ex
279 2856 344 2899 uno
360 2837 534 2918 mesuagio,
550 2835 636 2919 quod
652 2835 751 2898 habui
774 2857 814 2898 ex
836 2836 921 2898 (1000
936 2835 1097 2899 Willelmi
1119 2837 1226 2920 capel·
1251 2847 1365 2897 william
1377 2848 1406 2899 of

79 2931 145 2995 lani
168 2931 212 2995 de
232 2931 395 3014 Morpeth‚
417 2932 452 2993 in
471 2931 626 3013 Morpeth
647 2931 867 3012 proveniente,
889 2937 1022 3013 excepto
1045 2932 1090 3015 xij
1115 2932 1225 2996 denar.
1251 2913 1386 3028 mern,

79 3026 227 3090 redditus
250 3027 292 3089 ad
316 3031 449 3108 pontem
472 3026 568 3089 dictae
591 3025 681 3088 villae
711 3027 915 3108 pertinentis,
940 3047 960 3089 a
988 3032 1134 3109 tempore
1162 3047 1226 3109 quo
1250 3043 1352 3106 110110

78 3141 143 3185 000
173 3126 268 3184 extat
295 3123 461 3200 memoria,
491 3120 616 3184 feoffati
650 3122 841 3198 extiterunt,
870 3127 905 3184 01
935 3120 1030 3184 illum
1063 3122 1227 3184 redditum
1250 3109 1349 3223 ἓξὲξ

77 3217 225 3300 pacifice,
239 3215 282 3279 de
296 3235 381 3279 anno
396 3217 432 3278 in
447 3236 568 3279 annum
583 3215 707 3279 duobus
727 3217 886 3292 terminis,
902 3236 960 3298 per
974 3235 1087 3277 manus
1102 3236 1227 3278 mesua-
1251 3244 1400 3291 mmm,

75 3315 169 3395 glum
190 3310 276 3374 illud
289 3312 442 3386 tenentis,
455 3310 619 3394 bucusque
637 3315 836 3394 receperunt,
850 3331 909 3373 nec
923 3330 989 3372 non
1004 3317 1227 3374 tenementum

77 3408 161 3471 illud
175 3428 288 3471 eorum
302 3408 503 3471 districcioni
517 3409 545 3470 si
560 3408 642 3471 dicti
662 3408 807 3471 redditus
829 3406 949 3471 soluoio
972 3406 1123 3471 deficeret
1145 3408 1228 3471 obli·

76 3508 193 3586 gatum
217 3501 413 3586 subjacebat,
428 3502 501 3567 volo
523 3503 629 3567 adhuc
644 3507 678 3565 et
693 3502 832 3566 concedo
854 3523 911 3585 pro
933 3523 986 3566 me
1001 3508 1035 3566 et
1055 3503 1227 3568 heredibus

76 3600 160 3660 meis
186 3617 245 3660 seu
270 3598 441 3680 assignatis
463 3604 497 3661 et
518 3600 660 3662 maxime
686 3618 743 3680 pro
770 3617 848 3679 pace
878 3599 965 3661 inter
987 3619 1045 3661 nos
1067 3604 1101 3662 et
1123 3599 1227 3662 dictos

77 3695 241 3759 Abbatem
267 3698 301 3757 et
328 3693 531 3758 conventum
556 3694 715 3757 firmanda
740 3698 775 3756 et
801 3693 1003 3772 00010110οἀ0,
1029 3696 1115 3777 quod
1144 3696 1226 3760 dicti

77 3790 187 3853 Abbes
201 3792 236 3851 01
248 3788 346 3853 conv.
356 3807 484 3852 omnem
496 3789 659 3852 redditum
673 3810 712 3852 ex
720 3789 778 3851 illo
790 3793 973 3853 tenemento
983 3791 1224 3872 provenientem

78 3890 215 3968 excepto
236 3885 365 3948 redditu
379 3884 423 3967 xij
441 3885 551 3949 dener.
567 3885 732 3967 predicto,
750 3904 808 3967 per
829 3904 944 3947 manue
965 3885 1138 3949 Alexandri
1161 3886 1224 3949 filii

77 3980 210 4044 Auerar'
224 3979 257 4042 le
271 3980 412 4043 Macoun
430 3984 464 4043 et
477 3979 636 4045 Johannae
656 3982 763 4042 uxoris
781 3978 859 4062 ejus,
875 3980 1030 4061 usquead
1045 3983 1222 4045 terminum
1245 3997 1340 4062 Alvery
1357 3998 1402 4048 tho

76 4074 892 4158 ιί1001011101010110000,ιί00011010100010οη10
901 4078 1223 4144 scucontrediccione
1246 4077 1337 4114 ”¹³⁰2

77 4171 213 4253 pacifice
238 4171 399 4253 recipiant
424 4171 593 4234 annuatim
616 4170 658 4232 ad
681 4168 761 4232 duos
785 4171 864 4231 anni
890 4171 1044 4233 terminos
1067 4176 1106 4235 ut
1128 4178 1225 4238 antea

77 4270 279 4349 receperunt,
293 4265 457 4344 videlicet,
472 4266 682 4330 medietatem
696 4266 737 4328 ed
752 4264 964 4329 Pentecosten
983 4271 1017 4330 et
1037 4268 1135 4332 aliam
1157 4291 1226 4336 me·

78 4362 236 4426 dietatem
258 4362 299 4424 ad
321 4362 439 4425 festum
456 4360 568 4425 Sancti
588 4360 736 4423 Martini.
782 4361 827 4422 Et
849 4361 1078 4427 nichilominus
1099 4366 1226 4431 dictum

78 4462 305 4523 tenementum
324 4459 360 4521 in
384 4476 601 4541 quascumque
624 4477 738 4520 manus
762 4457 927 4520 devenerit
951 4478 1026 4522 eum
1049 4461 1130 4526 dicti
1155 4463 1227 4527 red-

641 4569 665 4617 u
