2940 5048
432 303 480 357 on
504 306 599 359 novo
625 305 860 359 nonasrssro.
1335 280 1408 354 239

70 476 175 541 881616
191 477 376 540 8611681661
390 480 573 538 nostrarum
596 483 630 540 et
652 482 824 560 parentum
839 481 1032 550 nostrorum,
1048 473 1122 536 ded.
1138 492 1229 537 conc.
1255 480 1382 558 1181111111,

70 586 105 638 61
118 595 153 657 p.
169 595 198 636 6.
214 593 248 635 6.
264 572 348 635 conf.
364 572 432 634 Deo
447 579 480 634 et
497 573 535 635 B.
551 573 600 636 M.
613 585 647 636 et
663 574 830 635 monachis
852 573 893 634 116
909 571 1000 633 Novo
1016 571 1122 646 Mon,
1137 569 1229 633 illam
1255 545 1400 663 {prgppght

71 679 193 735 terram
217 690 315 752 quam
337 671 474 732 emimus
495 690 515 731 a
537 669 695 733 Nicholao
718 669 835 745 Peket,
851 669 974 730 scilicet
996 669 1081 728 inter
1097 668 1230 730 domum
1255 680 1347 744 Isdya

71 764 431 830 Amisiietdiccellum.
466 766 546 828 Ten.
557 773 591 829 et
606 767 680 830 hab.
696 768 780 828 sicut
789 766 928 828 liberum
943 763 1149 847 burgagium,
1159 788 1193 829 re
1216 802 1231 814 ·
1257 761 1332 796 mass.

72 864 170 927 dend.
185 864 264 926 inde
285 864 456 924 annuatim
469 863 601 925 domino
621 864 691 946 regi
712 862 791 925 duos
806 864 915 925 denar.
932 861 1001 924 scil.
1018 884 1119 926 unum
1134 865 1232 926 dena·

72 961 159 1023 rium
187 960 230 1023 ad
256 959 390 1035 Pascha,
415 964 450 1021 et
479 979 581 1021 unum
606 961 649 1023 ad
674 961 794 1023 festum
821 959 933 1022 Sancti
959 959 1140 1023 Michaelis.
1187 961 1232 1024 Et

72 1056 240 1119 sciendum
251 1055 337 1137 quod
351 1055 434 1117 hanc
449 1060 569 1119 terram
580 1056 778 1119 contulimus
794 1061 828 1118 et
844 1056 1080 1119 attornavimus
1092 1057 1232 1119 sacrista

73 1153 114 1215 ad
128 1151 360 1215 inveniendum
376 1152 536 1214 luminare
552 1153 592 1215 ad
615 1154 817 1215 cotidianam
841 1154 974 1214 missam
990 1152 1101 1215 Beatae
1117 1153 1232 1215 Mariae

72 1248 230 1332 Virginis.
269 1248 313 1310 Et
328 1248 389 1310 hoc
404 1249 582 1327 sciendum,
597 1248 683 1331 quod
700 1249 871 1332 praedictus
887 1250 1018 1310 sacrista
1033 1250 1124 1311 nobis
1140 1249 1232 1312 dedit

71 1345 108 1407 in
122 1345 259 1427 negocio
274 1349 383 1407 nostro
398 1352 471 1407 octo
486 1346 632 1407 marchas
647 1346 788 1428 argenti.
833 1345 910 1407 Hiis
927 1345 1076 1422 testibus,
1092 1352 1153 1408 etc.

140 1536 255 1601 Sciant
264 1557 374 1599 omnes
389 1536 482 1613 hanc,
498 1544 573 1615 etc,
589 1538 676 1621 qnod
692 1538 852 1601 Robertus
868 1538 976 1601 Abbas
1001 1543 1036 1600 et
1056 1544 1231 1601 conventus
1259 1540 1377 1590 amada.

72 1634 160 1697 Novi
175 1634 266 1698 Mon.
283 1633 477 1696 dimiserunt
488 1634 530 1696 ad
546 1635 633 1697 feodi
649 1634 776 1696 firmam
792 1635 932 1698 Roberto
948 1635 989 1697 de
1005 1635 1182 1716 Lindesaye
1198 1640 1232 1697 et
1257 1606 1336 1721 {ffi
1346 1607 1377 1721 {ff
1386 1622 1402 1655 '¹

73 1730 143 1793 her.
159 1750 185 1792 8.
201 1728 253 1792 vel
267 1730 333 1791 8618
355 1730 536 1812 assignatis,
564 1732 706 1814 exceptis
730 1732 808 1794 viris
831 1730 988 1813 religiosis
1011 1730 1084 1792 aliis
1108 1731 1149 1793 ab
1175 1732 1231 1797 eis,
1259 1738 1399 1787 Nswcrsrle

74 1844 176 1888 unam
188 1826 300 1887 boiam
320 1825 356 1887 in
379 1825 446 1888 foro
462 1826 501 1889 de
524 1827 617 1889 Novo
633 1826 785 1906 Castalio,
800 1826 892 1889 illam
908 1825 1060 1888 videlicet
1074 1847 1146 1908 quae
1169 1827 1232 1888 fuit
1257 1805 1408 1918 fflss'fh?

75 1922 239 2005 quondam
255 1921 406 1984 Nicholai
415 1922 477 1984 filii
489 1923 576 1986 Evae.
600 1923 679 1986 Ten.
692 1929 726 1985 et
740 1924 814 1986 hab.
825 1924 932 1986 eidem
945 1923 1025 1985 Rob.
1037 1929 1072 1985 61
1086 1924 1153 1984 her.
1167 1923 1232 1985 8618
1257 1935 1375 1999 Lindsay.

75 2018 127 2081 vel
141 2017 313 2100 assignatis
325 2038 381 2099 pro
396 2038 450 2080 sex
462 2018 572 2081 solidis
586 2020 714 2101 argenti
730 2021 900 2081 annuatim
916 2017 1133 2101 persolvendis
1151 2039 1232 2101 1118)-

76 2114 173 2177 dictae
189 2113 301 2176 domui
316 2114 356 2176 de
367 2113 458 2176 Novo
474 2115 566 2178 Mon.
585 2115 626 2177 ad
642 2116 721 2177 duos
737 2117 904 2191 terminos,
920 2114 974 2176 sed
990 2119 1023 2176 et
1038 2120 1102 2175 tres
1118 2113 1234 2176 solidos

76 2211 118 2274 ad
142 2210 263 2273 festum
287 2209 400 2273 Sancti
420 2210 604 2292 Michaelis,
627 2216 662 2274 et
688 2216 753 2274 tres
779 2211 818 2273 ad
845 2219 993 2272 sanctum
1009 2209 1142 2272 Pascha.
1188 2210 1234 2272 Et

75 2304 227 2388 praedicti
248 2305 346 2368 abbas
369 2310 404 2368 et
426 2310 602 2368 conventus
625 2307 881 2368 warantizabunt
907 2305 1074 2387 praefatam
1097 2305 1231 2370 hotham

75 2401 166 2465 dicto
179 2399 321 2464 Roberto
335 2402 449 2464 611161.
465 2403 530 2464 suis
540 2401 592 2464 vel
603 2403 774 2485 assignatis
783 2403 1032 2484 imperpetuum.
1077 2402 1154 2464 Hiis
1168 2408 1234 2465 tes·

76 2498 179 2576 tibus,
195 2503 258 2562 etc.

143 2689 255 2754 Sciant
281 2711 390 2754 omnes
411 2691 494 2755 hanc
514 2696 648 2769 cartam,
672 2697 746 2769 etc,
769 2692 856 2774 quod
875 2691 1034 2754 Robertus
1058 2691 1176 2769 Abbas,
1199 2696 1234 2754 61
1314 2697 1344 2765 iij

76 2793 254 2853 conventus
267 2789 352 2851 Novi
367 2789 458 2852 Mon.
474 2789 667 2852 dimiserunt
683 2790 724 2853 ad
740 2791 829 2853 feudi
853 2790 982 2851 firmam
1006 2789 1169 2872 Stephano
1192 2790 1232 2851 de
1258 2767 1364 2883 phfeffi

77 2885 256 2968 Lindesayc
270 2890 305 2949 61
315 2886 384 2948 her.
399 2905 424 2948 s.
437 2886 489 2948 vel
500 2886 564 2948 suis
576 2887 757 2969 assignatis,
774 2887 915 2968 exceptis
930 2887 1008 2948 viris
1025 2884 1143 2971 (1328)
1158 2886 1234 2949 reli·
1259 2871 1369 2962 Stephon
1379 2897 1413 2949 da

77 2981 177 3065 glosis
190 2981 266 3045 aliis
279 2982 387 3059 abeis,
403 3002 501 3044 unam
517 2981 651 3044 hotham
667 2984 701 3044 in
727 2984 795 3044 foro
811 2983 851 3044 de
868 2981 959 3043 Novo
976 2981 1126 3057 Castello,
1142 2982 1233 3045 illam
1259 2964 1381 3029 Lindsay.

77 3077 232 3141 videlicet
246 3098 345 3160 quem
366 3075 446 3163 (sic)
462 3077 527 3139 fuit
548 3077 712 3159 quondam
734 3078 869 3141 Jordani
893 3076 992 3139 Stori.
1017 3076 1095 3139 Ten.
1111 3082 1146 3138 et
1161 3079 1234 3145 hab.

79 3174 185 3237 6111616
211 3174 324 3255 Steph.
349 3179 385 3237 61
408 3174 475 3236 her.
497 3194 522 3236 8.
538 3174 590 3236 vel
611 3175 784 3257 assignatis
809 3192 866 3255 pro
892 3193 946 3233 861
971 3171 1082 3233 solidis
1107 3174 1235 3255 argenti

36 3330 40 3337 .
80 3270 250 3333 annuatim
271 3269 487 3352 persolvendis
511 3269 552 3332 ad
574 3270 652 3332 duos
674 3271 840 3342 terminos,
866 3268 934 3329 scil.
962 3272 1027 3328 tres
1054 3265 1171 3329 solidos
1194 3268 1235 3330 ad

79 3365 198 3428 fastum
213 3365 325 3429 Sancti
340 3365 523 3440 Michaelis,
535 3370 570 3427 et
583 3371 649 3427 tres
663 3366 705 3427 ad
722 3365 878 3428 Sanctum
898 3363 1031 3425 Pascha.
1078 3363 1122 3424 Et
1138 3366 1236 3446 praed.

81 3461 179 3525 abbas
194 3468 229 3525 et
253 3467 428 3525 conventus
451 3462 706 3524 warantizabunt
722 3462 891 3544 praefatam
910 3459 1044 3522 hotham
1060 3459 1148 3522 dicto
1165 3459 1238 3523 Ste-

81 3558 188 3640 phano
203 3564 239 3621 et
254 3558 320 3620 her.
337 3577 362 3620 8.
377 3558 429 3620 161
443 3558 613 3639 assignatis
629 3559 880 3640 imperpetuum.
920 3556 996 3617 Hiis
1011 3554 1160 3632 testibus,
1175 3565 1237 3619 etc.

147 3749 307 3815 Omnibus
335 3708 462 3814 Sanctae
488 3750 606 3812 Matris
630 3748 773 3812 ecclesia
797 3750 885 3827 filiis,
909 3754 978 3810 tam
1001 3748 1118 3811 futuris
1142 3770 1239 3831 qnam
1317 3755 1357 3824 iiij

1265 3824 1349 3874 Grant
1360 3826 1390 3876 of

83 3943 149 4006 lute
164 3945 282 4006 animae
298 3963 378 4006 meaa
392 3950 425 4005 et
441 3948 679 4005 antecessorum
699 3963 844 4004 meorum
870 3947 902 4004 et
926 3942 1093 4017 heredum,
1115 3943 1239 4004 dedet
1264 3898 1355 4018 2⁸11?er
1366 3957 1408 4006 for

83 4039 422 4121 66666111.1).6.16.
446 4039 529 4101 conf.
553 4038 717 4100 monachis
748 4037 874 4100 Sanctae
898 4037 1013 4099 Mariae
1038 4037 1124 4099 Novi
1148 4038 1238 4101 Mon.
1264 4022 1400 4139 1181118111

86 4136 228 4218 (16161166
254 4135 346 4198 solid.
370 4155 438 4218 arg.
466 4155 543 4217 quos
567 4134 613 4196 eis
639 4134 801 4216 assignavi
828 4133 868 4196 de
894 4132 1078 4194 molendino
1105 4153 1176 4196 meo
1200 4135 1240 4198 de
1264 4104 1364 4204 Mille.
1400 4103 1416 4138 ο

86 4229 285 4295 Caluerdone
304 4231 474 4293 annuatim
490 4230 711 4312 percipiendos
727 4230 766 4291 de
782 4250 835 4290 me
861 4233 894 4289 et
921 4227 1048 4288 116116.
1065 4229 1104 4290 ad
1121 4230 1241 4292 festum

87 4325 199 4391 Sancti
215 4326 366 4410 Gregorii
382 4328 418 4388 in
440 4327 686 4409 quadragesima
709 4326 750 4387 ad
766 4323 965 4387 sustentand.
981 4344 1001 4384 v
1021 4325 1183 4407 lampades
1205 4328 1240 4389 in

92 4421 227 4486 66616818
249 4443 306 4486 sua
329 4422 485 4486 ardendas
506 4422 654 4484 omnibus
679 4422 803 4484 festivis
824 4419 938 4483 diebus
969 4440 1048 4501 quos
1077 4422 1242 4486 saculares

83 3847 297 3930 presentibus,
314 3847 495 3910 Bernardus
510 3846 550 3909 de
565 3847 691 3925 threnis,
703 3847 851 3909 salutem.
902 3846 1019 3909 Sciatis
1043 3866 1095 3908 me
1117 3867 1174 3929 pro
1190 3867 1238 3908 sa·
