2940 5048
745 334 1018 392 mauruntum

314 509 424 593 sigillo
433 512 541 573 nostro
550 509 672 592 signari
681 507 827 571 fecimus.
865 508 985 571 Actum
999 524 1085 568 anno
1099 505 1220 587 graciae
1231 512 1291 569 m⁰.
1306 512 1391 569 com.
1404 505 1461 569 tri·

314 607 432 669 cesimo
447 606 500 688 iij⁰
513 607 550 668 in
571 605 710 668 crastino
728 603 841 669 Sancti
855 603 952 667 Lucae
966 600 1193 685 nwmgelistae
1210 602 1302 685 apud
1316 602 1460 681 Mitiord,

314 708 378 765 etc.

174 960 185 991 q
216 960 254 991 n·
380 893 555 957 Nicholaus
581 890 787 976 (Facetam)
817 891 968 955 Dunelm.
997 893 1176 975 episcopus,
1201 892 1357 955 salutem.
1412 892 1458 957 Ad

158 1026 197 1057 ms
208 1028 223 1058 0
315 991 536 1052 universitatis
552 994 666 1052 vestrae
685 989 843 1051 noticiam
857 988 1007 1050 volumus
1021 989 1201 1071 pervenire,
1216 1007 1277 1051 nos
1290 988 1458 1051 arbitrium

166 1092 218 1123 >cve
246 1091 264 1139 5
315 1107 335 1149 a
357 1087 435 1147 viris
462 1084 708 1163 venerabilibus,
731 1084 865 1161 scilicet,
886 1083 1049 1167 Stephano
1073 1083 1192 1146 abbate
1217 1086 1260 1147 de
1286 1082 1405 1167 Salley,
1428 1088 1459 1147 st

158 1178 187 1255 a*
200 1244 207 1257 ,
220 1158 236 1189 ⁸²
266 1168 277 1177 ⁸
316 1184 471 1263 magistro
501 1181 603 1243 Alano
633 1180 858 1243 archidiacono
887 1180 1131 1243 Northumbrias
1155 1181 1288 1263 suisque
1321 1180 1459 1265 collegis,

315 1279 401 1340 inter
416 1278 566 1340 abbatem
581 1283 615 1340 et
629 1277 800 1338 monachos
817 1276 902 1338 Novi
923 1276 1013 1339 Mon.
1032 1282 1066 1339 et
1091 1277 1289 1360 magistrum
1304 1276 1459 1339 Thomam

316 1394 484 1457 personam
493 1373 635 1435 ecclesiae
650 1372 691 1434 de
704 1371 872 1434 Alwenton
882 1372 996 1448 latum,
1012 1373 1186 1455 inspexisse
1200 1371 1334 1435 subhac
1343 1373 1459 1449 forma3

316 1469 456 1531 ‘Notum
478 1471 524 1531 sit
539 1468 688 1530 omnibus
710 1469 751 1531 ad
773 1488 910 1549 quorum
925 1466 1102 1545 noticiam,'
1117 1472 1192 1545 ete,
1207 1468 1359 1531 totaliter
1374 1468 1460 1531 sicud

316 1567 352 1627 in
381 1570 470 1628 carta
493 1564 688 1646 precedenti
715 1564 911 1640 continetur,
933 1569 967 1626 et
990 1565 1024 1625 in
1048 1563 1112 1625 fine
1134 1564 1229 1640 dicit,
1251 1563 1341 1627 ‘Nos
1364 1565 1462 1648 igitur

316 1661 543 1743 praedictorrnn
577 1660 702 1722 abbat-is
728 1664 762 1721 et
791 1659 1022 1721 monachorum
1053 1658 1301 1741 tranquillitati,
1327 1661 1402 1742 paci
1429 1663 1461 1723 ct

316 1758 421 1839 quieti
437 1758 492 1839 pia
506 1761 640 1837 paterna
663 1755 870 1817 solicitudine
885 1756 921 1816 in
942 1760 1106 1837 posterum
1124 1754 1293 1837 providere
1309 1754 1461 1833 volentes,

316 1874 443 1916 assensu
458 1854 560 1915 eciam
576 1852 657 1914 dicti
673 1853 806 1913 rectoris
825 1855 860 1913 et
881 1851 1020 1914 Gilberti
1044 1851 1085 1915 de
1105 1850 1311 1913 Humfrauill
1334 1853 1461 1935 patroni

316 1949 458 2031 ejusdem
470 1949 611 2012 ecclesias
628 1948 873 2024 interveniente,
893 1947 1017 2010 dietum
1032 1947 1205 2009 arbitrium
1220 1948 1315 2011 sicud
1330 1948 1461 2031 proinde

316 2045 419 2107 latum
444 2050 494 2107 est
519 2050 553 2107 et
576 2044 618 2105 ab
642 2047 778 2123 utraque
804 2048 896 2124 parte
919 2046 1035 2124 sponte
1060 2048 1239 2125 receptum,
1268 2045 1462 2107 auctoritate

317 2140 497 2224 pontificali
513 2140 737 2201 confirmamus
752 2143 787 2199 et
801 2139 967 2219 praesentis
982 2139 1095 2221 scripti
1117 2138 1299 2220 patrocinio
1318 2160 1461 2203 commu·

316 2239 436 2313 nimus,
456 2237 543 2298 salva
565 2236 755 2298 auctoritate
781 2233 934 2296 Dunelm.
957 2234 1098 2297 ecclesiae
1112 2238 1147 2296 et
1156 2234 1232 2317 jure
1246 2239 1283 2298 et
1301 2235 1462 2319 dignitate

317 2332 495 2415 pontificali
511 2351 726 2394 successorum
741 2335 921 2393 nostrorum
937 2335 972 2393 et
986 2336 1104 2393 nostra.
1149 2330 1224 2393 Hiis
1238 2331 1399 2397 testibua’

383 2524 541 2607 Magister
567 2522 619 2585 W.
646 2523 687 2585 de
713 2524 897 2607 Laxingtcn
920 2527 1025 2586 rector
1049 2524 1191 2587 ecclcsiae
1216 2525 1258 2587 de
1284 2524 1462 2605 Alwenton‚

317 2621 454 2683 salutern
477 2621 510 2681 in
535 2619 684 2682 Domino.
728 2619 863 2683 Noverit
890 2620 1081 2682 universitas
1104 2626 1209 2682 vestra
1230 2640 1286 2683 ms
1308 2625 1464 2706 composi·

317 2717 442 2778 cionem
466 2713 564 2799 (alb)
586 2715 672 2776 inter
694 2714 766 2777 abb.
796 2720 830 2777 et
860 2736 950 2777 conv.
977 2716 1061 2777 Novi
1088 2716 1177 2778 Mon.
1204 2720 1239 2779 et
1268 2720 1463 2801 magistrum

316 2812 475 2873 Thomam
485 2812 525 2872 de
538 2811 630 2884 little,
640 2811 800 2892 qnondam
816 2812 1076 2893 predecessorem
1091 2832 1210 2889 meum,
1220 2833 1317 2895 super
1331 2815 1464 2878 decimis

316 2909 356 2969 dc
379 2907 536 2989 Heppden
557 2913 590 2968 et
612 2908 761 2968 omnibns
784 2907 857 2969 aliis
880 2907 960 2970 locis
982 2907 1018 2969 in
1040 2909 1138 2969 moris
1159 2908 1199 2971 de
1221 2907 1373 2973 Chiuiott
1394 2911 1464 2974 sitis

317 3004 445 3079 initam,
462 3023 572 3064 sonum
588 3003 765 3085 privilegiis
780 3008 815 3064 et
830 3004 1041 3066 munimentis
1063 3004 1238 3087 diligenter
1259 3006 1416 3088 inspectis
1429 3011 1463 3069 ct

317 3098 502 3175 intellectis,
525 3104 629 3161 ratam
652 3099 770 3161 habere
789 3106 823 3162 et
843 3103 1059 3181 acceptumst
1082 3101 1171 3163 omni
1188 3099 1260 3183 juri
1283 3106 1319 3164 et
1340 3102 1463 3165 accioni

319 3197 401 3257 mihi
418 3197 546 3258 racione
561 3197 722 3258 dictarum
738 3197 936 3259 decimanum
952 3196 1207 3278 competentibus
1221 3218 1295 3261 meo
1305 3205 1465 3283 perpetuo

317 3292 412 3374 plene
428 3294 639 3355 renunciasse.
684 3293 724 3353 In
741 3292 804 3374 cuj.
821 3293 867 3353 rei
882 3296 957 3354 test.
973 3292 1233 3375 sigilnostrum,
1248 3298 1313 3359 etc.

384 3484 524 3545 Thomas
547 3480 748 3566 (Melsonby')
771 3483 874 3560 Prior,
889 3489 923 3545 et
944 3482 1131 3565 Capitulum
1151 3484 1303 3549 Dunelm.
1319 3487 1464 3570 predicti

142 3556 274 3685 appogn-
319 3579 467 3640 Nicholai
485 3578 636 3660 Episcopi
649 3578 770 3639 factum
786 3580 826 3640 de
841 3580 1077 3660 composicione
1092 3582 1246 3662 praedicta
1260 3582 1465 3661 confirmant,

203 3704 215 3734 r
319 3683 353 3737 et
369 3676 464 3736 istam
488 3680 611 3735 cartam
634 3675 777 3735 invenies
793 3675 828 3735 in
851 3676 989 3738 secanrdo
1012 3676 1125 3758 gradu,
1141 3676 1211 3739 loco
1233 3683 1362 3760 quarto,
1376 3684 1466 3743 carta

684 3768 743 3831 See
759 3790 791 3851 p.
807 3770 861 3847 27,
876 3767 927 3854 n.)

141 3941 285 4056 &alif-jald-
384 3961 553 4036 Omnibus,
568 3966 630 4024 etc.
647 3960 813 4025 Gilbertus
829 3962 869 4024 de
885 3962 1060 4025 Umfrauill
1077 3963 1189 4028 Comes
1204 3966 1370 4049 Danegus,
1382 3968 1465 4031 salu·

141 4086 241 4120 vasen
256 4074 285 4120 os
317 4063 396 4120 torn.
442 4058 522 4119 Nov.
539 4078 597 4119 nos
612 4058 683 4120 ded.
700 4078 788 4121 conc.
806 4059 887 4120 eth.
904 4078 936 4140 p.
952 4079 979 4119 c.
993 4078 1025 4121 n.
1038 4060 1121 4121 conf.
1137 4060 1206 4123 Deo
1221 4066 1256 4124 et
1270 4062 1309 4125 Β.
1320 4063 1370 4127 M.
1383 4063 1465 4126 abb.

140 4134 286 4245 plu-psag-
317 4158 351 4213 et
377 4153 475 4215 Conv.
498 4154 583 4215 Novi
600 4154 688 4215 Mon.
713 4154 864 4216 Dunelm.
881 4155 1040 4216 dioceseos
1056 4156 1302 4220 advocacionem
1322 4160 1464 4223 ecclesia

140 4218 240 4341 allidi
252 4268 281 4313 aa
317 4249 356 4307 dc
373 4248 617 4332 (livhclpington
634 4252 668 4312 in
692 4251 850 4313 comitatu
865 4251 1108 4314 Northumbrirc
1128 4251 1201 4315 hab.
1219 4258 1254 4315 et
1268 4260 1336 4317 ten.
1352 4256 1416 4319 sibi
1430 4262 1465 4318 et

140 4326 286 4383 brumam.
317 4365 447 4404 success.
464 4345 497 4405 in
514 4352 714 4427 perpetuum.
750 4348 795 4410 Et
810 4368 868 4409 nos
883 4352 916 4408 et
931 4347 995 4409 her.
1012 4350 1115 4409 nostri
1131 4349 1319 4431 praedictam
1329 4352 1464 4415 advoca·

318 4441 441 4500 cionem
469 4442 565 4521 praed.
582 4442 653 4503 abb.
671 4448 704 4504 et
720 4464 809 4505 conv.
827 4449 860 4506 et
882 4462 1012 4505 success.
1039 4445 1212 4507 eorundem
1240 4452 1354 4510 contra
1377 4468 1464 4512 omn.
