2940 5048
361 311 515 366 roarlon
540 312 585 365 Ol'
610 313 659 365 ΔΝ
684 313 837 365 ANOIEN'l*
861 314 962 367 ROLL.

85 489 230 567 secundi,
265 510 346 553 uxor
374 490 477 572 ipsius
506 489 641 552 Henrici
676 491 768 552 misit
798 491 833 551 in
863 491 986 554 custod.
1017 491 1167 554 Nicbolai
1196 493 1235 555 de

86 587 237 668 Raymes,
253 585 274 649 J
275 587 435 649 channam
457 585 560 647 filiam
582 591 617 648 et
639 585 798 648 haeredem
814 587 914 668 ipsius
929 587 1065 649 Henrici
1080 590 1236 651 maritan-

86 684 161 745 dam
177 682 317 745 Roberto
333 682 401 744 filio
416 687 450 744 et
464 681 584 744 haeredi
604 682 705 763 ipsius
727 682 759 743 N
760 682 888 760 icholai‚
903 689 937 746 et
951 684 1119 745 recordum
1141 685 1235 746 istius

85 780 285 860 particionis,
300 799 375 841 cum
399 778 513 841 multis
536 777 610 840 aliis
633 779 731 840 cartis
753 783 788 840 et
809 779 984 841 evidenciis
1006 781 1156 843 materias
1178 781 1235 842 has

85 875 303 958 tangentibus.

151 1065 363 1128 Postmodum
386 1065 493 1128 dictus
517 1063 679 1127 Johannes
704 1064 744 1127 de
771 1065 932 1148 Graystolr
955 1087 1013 1148 per
1038 1069 1141 1129 cartas
1161 1087 1232 1129 suas
1256 1063 1346 1182 Mi·

86 1163 241 1224 concessit
267 1163 378 1223 domui
405 1162 445 1223 de
470 1161 676 1242 Tynemouth
697 1166 731 1223 et
753 1161 915 1225 abbathiae
938 1163 1022 1225 Novi
1040 1136 1323 1226 Monastariim‘

84 1259 223 1320 diversas
237 1257 415 1336 libertates,
430 1262 469 1320 ut
483 1261 575 1340 patet
590 1256 735 1319 inferius.

151 1447 308 1512 Omnibus
323 1448 446 1514 Christi
461 1448 610 1511 fidelibus
624 1468 762 1530 praesens
777 1450 934 1531 scriptum
949 1451 1064 1513 visuris
1073 1451 1123 1514 vel
1138 1451 1231 1513 audi·

84 1545 176 1622 turis,
192 1543 213 1607 J
214 1545 353 1607 ohannes
373 1545 412 1607 de
436 1544 609 1627 Graystok,
623 1545 772 1607 dominus
787 1544 828 1607 de
843 1546 1007 1627 Morpath,
1023 1552 1056 1609 et
1071 1547 1230 1609 Robertus

84 1641 124 1704 de
147 1641 330 1718 Someruill,
350 1640 488 1703 salutem
510 1641 545 1701 in
568 1640 718 1702 Domino.
763 1641 898 1703 Noverit
920 1642 1110 1704 universitas
1125 1649 1230 1705 vestra

84 1757 139 1798 nos
170 1757 227 1819 pro
254 1736 357 1799 salute
381 1738 563 1798 animarum
592 1741 785 1813 nostrarum,
815 1743 996 1819 parentum,
1021 1743 1054 1800 et
1083 1740 1229 1800 omnium

84 1833 322 1894 benefactorum
347 1839 538 1907 nostrorum,
561 1832 695 1908 dedisse,
718 1834 916 1909 concessisse,
939 1838 972 1895 et
995 1833 1055 1894 hac
1079 1835 1229 1915 praesenti

83 1933 171 1990 carta
185 1935 295 1990 nostra
310 1928 512 1990 confirmasse
533 1927 602 1990 Deo
625 1934 660 1991 et
682 1927 801 1990 Sancto
817 1927 961 2011 Oswyno,
977 1929 1083 1990 Priori
1105 1934 1140 1991 et
1154 1949 1230 1991 con·

83 2024 194 2085 ventui
209 2024 249 2086 de
271 2024 485 2105 Tynemouth,
501 2022 616 2085 habere
638 2023 778 2085 liberum
795 2024 978 2099 introitum,
994 2025 1179 2100 transitum,
1195 2029 1229 2087 et

82 2120 206 2181 exitum
231 2124 267 2180 in
293 2119 390 2181 moris
410 2119 527 2180 nostris
546 2118 586 2180 de
610 2118 745 2181 Benton’
769 2120 810 2180 ad
834 2120 942 2181 omnia
967 2121 1145 2182 necessaria
1172 2140 1228 2203 sua

81 2215 242 2290 carianda,
258 2214 413 2291 ducenda,
436 2220 470 2276 et
490 2214 648 2295 portanda
672 2234 730 2296 per
755 2234 787 2275 se
814 2220 847 2276 et
868 2215 1041 2276 servientes
1059 2235 1131 2276 suos
1153 2236 1228 2278 curn

81 2312 188 2388 carris,
204 2311 363 2386 cerrectis,
385 2315 420 2372 et
438 2309 510 2372 aliis
532 2310 720 2392 summagiis
742 2310 808 2371 suis
830 2311 898 2370 sine
922 2309 1061 2391 dampno
1084 2311 1172 2373 bladi
1195 2316 1228 2373 et

81 2407 178 2488 prati,
213 2407 300 2468 salvo
332 2410 462 2468 tantum
492 2404 584 2467 nobis
618 2408 871 2487 approuamento
896 2405 981 2466 vasti
1002 2404 1099 2485 juxta
1120 2406 1227 2488 legem

80 2501 218 2583 Angliae.
263 2501 309 2563 Et
328 2500 409 2562 bene
432 2501 523 2563 liciat
544 2501 640 2563 dictis
663 2501 819 2583 religiosis
842 2501 909 2562 vias
932 2520 1003 2562 suas
1026 2501 1066 2564 de
1087 2506 1172 2564 terra
1194 2507 1228 2564 et

80 2597 244 2679 lapidibus
261 2597 421 2658 dictarum
436 2616 596 2658 morarum
611 2597 680 2658 sine
695 2596 834 2678 dampno
850 2596 937 2659 bladi
957 2602 991 2659 et
1010 2599 1097 2679 prati
1118 2619 1228 2661 emen·

80 2694 166 2756 dare.
211 2693 309 2771 Item,
325 2693 538 2754 concessimus
553 2697 587 2754 et
602 2691 750 2755 dedimus
765 2693 886 2755 eisdem
908 2692 1065 2776 religiosis
1084 2714 1228 2756 commu·

79 2809 157 2850 nam
172 2794 311 2870 pasturae
324 2789 359 2850 in
370 2788 466 2849 dictis
481 2789 578 2849 moris
592 2789 720 2865 nostris,
736 2809 809 2850 cum
825 2793 938 2870 quater
947 2790 1065 2870 viginti
1080 2789 1227 2851 animali·

80 2884 139 2945 bus
165 2885 393 2966 cujuscumque
416 2884 544 2964 generis
569 2882 739 2954 voluerint,
763 2885 811 2944 ita
835 2884 968 2965 pacifice
988 2885 1075 2966 quod
1096 2890 1227 2966 propter

79 2980 203 3042 nullam
218 2980 346 3062 culpam
368 2980 615 3061 distringantur,
630 2999 690 3040 nec
713 2979 777 3040 alio
800 2980 894 3040 modo
916 2981 1146 3060 impediantur,
1162 2982 1227 3042 nisi

79 3077 286 3138 inveniantur
301 3076 336 3137 in
352 3075 492 3157 dampno
507 3075 594 3137 bladi
610 3081 643 3138 et
654 3076 750 3156 prati.
795 3073 990 3136 Habendum
1000 3080 1034 3136 et
1048 3076 1225 3137 tenendum

80 3172 184 3233 dictas
207 3173 275 3233 vias
300 3176 334 3233 et
360 3171 463 3233 dictas
487 3175 630 3252 pasturas
655 3172 738 3232 sicut
757 3169 950 3250 praedictum
975 3175 1034 3245 est,
1060 3169 1100 3231 de
1118 3170 1226 3246 nobis,

80 3267 272 3343 haeredibus,
287 3265 337 3328 vel
353 3267 523 3348 assignatis
537 3266 664 3341 nostris,
679 3266 777 3327 dictis
793 3264 949 3346 religiosis
970 3269 1004 3326 et
1023 3284 1133 3325 eorum
1156 3286 1226 3327 suc-

80 3363 266 3439 cessoribus,
281 3360 393 3436 libere,
409 3362 528 3442 quiete,
544 3362 635 3437 bene,
651 3364 684 3423 et
706 3361 741 3421 in
762 3380 850 3442 pace,
866 3359 935 3421 sine
956 3358 1063 3441 aliquo
1085 3360 1226 3441 impedi-

79 3464 201 3533 mento,
216 3460 250 3519 in
273 3458 419 3532 liberam,
435 3477 559 3538 puram,
575 3463 608 3520 et
630 3463 818 3539 perpetuam
841 3456 1056 3518 elemosinam.
1102 3457 1147 3518 Et
1168 3476 1225 3518 nos

79 3559 114 3616 et
137 3553 278 3616 baeredes
301 3554 403 3614 nostri
427 3552 479 3614 vel
503 3554 606 3615 nostri
629 3553 783 3634 assignati
808 3552 911 3613 dictas
940 3552 1017 3627 vias,
1039 3555 1073 3614 et
1102 3551 1224 3613 dictam

80 3654 258 3732 pasturam,
274 3654 313 3710 ut
328 3649 549 3731 praemittitur,
565 3647 661 3709 dictis
675 3647 834 3729 religiosis
858 3652 892 3709 et
914 3667 1024 3708 eorum
1039 3649 1225 3709 successori·

80 3746 139 3807 bus
154 3745 441 3819 warantizabimus,
457 3743 724 3826 acquietabimus,
734 3749 767 3805 et
778 3743 983 3805 defendemus
996 3748 1107 3805 contra
1116 3762 1224 3804 omnes

80 3841 224 3902 homines
240 3841 489 3921 imperpetuum.
528 3840 568 3901 ln
584 3839 673 3920 cujus
682 3840 730 3901 rei
744 3841 977 3915 testimonium,
990 3840 1066 3901 huic
1076 3839 1225 3921 praesenti

79 3942 176 3999 cartae
190 3941 307 3998 nostrae
322 3935 431 4016 sigilla
445 3938 554 3996 nostra
576 3935 790 4016 apposuimus.
836 3935 910 3997 Hiis
932 3935 1079 4009 testibus,
1095 3935 1225 3996 domiuo

80 4031 220 4093 Roberto
250 4031 428 4105 Bertrame,
453 4030 593 4092 Roberto
619 4029 659 4091 de
689 4029 720 4091 la
745 4030 835 4106 Vale,
861 4029 1001 4092 Henrico
1030 4031 1071 4092 de
1099 4028 1224 4105 Lauall,

78 4126 226 4190 Johanne
252 4127 291 4188 de
323 4125 486 4208 Kyrlreby,
512 4125 622 4200 milit,
646 4122 791 4186 Johanne
825 4125 866 4187 de
889 4125 1045 4201 Dudden',
1069 4125 1224 4187 Nicholao

79 4222 254 4306 Vygrouse,
270 4227 303 4283 et
318 4221 430 4286 multis
445 4223 527 4285 aliis.
573 4221 648 4283 Dat.
664 4220 751 4302 apud
769 4221 972 4301 Tynemouth
994 4221 1047 4283 die
1069 4220 1224 4283 Purifica-
1248 4251 1299 4290 an.
1314 4240 1386 4289 129⁶.

79 4321 179 4381 cionis
196 4320 306 4382 Beatae
329 4318 453 4395 Marisa,
477 4339 561 4382 anno
582 4317 714 4380 Domini
741 4316 911 4379 millesimo
934 4324 1005 4379 cc¹²¹⁰
1020 4318 1223 4400 nonagesimo

78 4423 177 4478 sexto.
