2940 5048
435 312 483 366 DE
508 312 604 397 novo
629 312 866 365 Monusrunlo

75 484 181 546 minus
196 483 401 546 contineatur
415 502 610 565 expressum,
624 482 771 545 volumus
786 503 825 546 ex
836 482 896 543 hac
908 484 1015 544 nostra
1027 481 1229 545 concessione

75 579 228 664 suppleri.
274 579 360 654 Dat,
376 584 439 643 818.

142 755 299 820 Omnibus
323 754 380 817 has
400 754 521 831 literas,
537 758 599 815 etc.
648 754 799 835 Magistri
821 754 853 817 J.
871 754 1068 817 subdecanus
1083 754 1180 816 Ebor.
1197 757 1231 815 et
1254 787 1407 850 psalmon-

76 852 128 914 W.
152 851 393 914 archidiaconus
420 848 583 926 Dunelm.,
616 850 754 913 salutem
785 852 820 911 in
844 851 992 912 Domino.
1037 850 1231 912 Mandatum
1253 852 1312 902 date
1324 852 1385 901 with

78 948 200 1011 domiui
215 947 313 1029 Papae
329 948 363 1009 in
379 948 446 1009 haeo
462 945 559 1008 verba
578 948 774 1029 suscepimus
790 969 797 1009 :
822 947 1015 1028 ‘Gregorius
1043 948 1230 1029 8111880111111,ι
1254 918 1384 1034 {fflo‘f'

78 1066 185 1108 servus
215 1064 379 1105 servorum
394 1042 467 1116 Dei,
496 1041 624 1104 dilectis
649 1042 725 1104 filiis
750 1042 929 1105 subdecano
955 1043 1050 1105 Ebor.
1072 1048 1106 1105 et
1126 1043 1232 1104 818111-
1255 1053 1379 1100 stretton.

77 1140 213 1203 diacono
224 1139 388 1215 Dunelm.,
401 1139 537 1200 salutem
549 1143 583 1200 et
595 1138 806 1220 apostolicam
816 1137 1087 1201 benediccionem.
1111 1139 1232 1200 Dilecti

78 1235 139 1298 11111
159 1235 253 1297 Prior
277 1239 312 1296 et
336 1238 511 1296 conventus
534 1234 576 1297 de
592 1232 761 1316 Kyrkham
777 1233 868 1295 nobis
892 1234 1114 1316 conquerendo
1141 1255 1233 1297 mon-

78 1336 265 1394 straverunt
302 1331 389 1413 quod
420 1329 527 1393 Abbas
558 1336 592 1392 et
622 1335 799 1392 conventus
841 1329 881 1392 de
910 1331 1002 1393 Novo
1032 1330 1123 1394 Mon.
1154 1332 1231 1395 Cist.

78 1428 212 1505 ordinis,
227 1427 344 1490 nobilis
368 1427 416 1488 vir
441 1425 601 1488 Robertus
626 1427 666 1489 de
697 1425 772 1502 Ros,
792 1430 827 1488 81
847 1427 979 1508 quidam
1003 1428 1060 1489 8111
1080 1427 1232 1489 Dunelm.

79 1524 225 1586 civitatis
250 1528 284 1585 et
309 1523 476 1604 dyoceseos
507 1542 602 1604 super
626 1523 771 1599 decimis,
798 1523 903 1599 terris,
927 1523 1067 1604 quadam
1091 1526 1233 1606 pecuniae

79 1640 216 1694 summa,
232 1624 268 1681 et
282 1618 375 1680 rebus
390 1617 463 1679 aliis
478 1617 674 1700 injuriantur
697 1619 830 1694 eisdem,
854 1619 1004 1701 idemque
1027 1619 1233 1682 discreccioni

79 1723 195 1781 vestrae
210 1735 267 1798 per
282 1714 457 1797 apostolica
481 1715 600 1796 scripta
623 1714 813 1776 mandamus
832 1716 983 1796 quatinus
999 1716 1143 1796 partibus
1158 1737 1234 1778 con·

80 1812 202 1874 vocatis
231 1810 371 1873 audiatis
402 1830 542 1888 causam,
568 1816 602 1872 et
629 1809 848 1893 appellacioue
879 1817 1002 1873 remota
1031 1812 1094 1873 fine
1124 1811 1234 1874 debito

79 1907 275 1981 terminetis,
290 1906 444 1968 facientes
459 1906 545 1988 quod
560 1906 764 1968 decreveritis
790 1926 847 1988 per
863 1927 1027 1969 censuram
1043 1907 1235 1970 ecclesiasti-

80 2024 152 2066 cam
176 2003 316 2065 firmiter
345 2002 517 2079 observari,
547 2003 673 2085 proviso
702 2023 743 2063 ne
773 2003 807 2063 in
833 2008 952 2065 terram
982 2004 1082 2085 ipsius
1106 2003 1234 2078 80111118,

80 2099 424 2163 excommunicacionis
449 2099 500 2160 vel
515 2099 683 2161 interdicti
706 2100 906 2160 sentenciam
929 2100 1108 2180 proferatis,
1130 2101 1193 2161 nisi
1215 2122 1235 2163 a

80 2195 173 2258 nobis
188 2215 282 2276 super
305 2194 367 2255 hoc
386 2194 577 2257 mandatum
601 2195 785 2276 receperitis
810 2193 955 2277 speciale.
1001 2195 1111 2257 Testes
1126 2200 1235 2257 autem

80 2293 138 2375 qui
152 2291 276 2353 fuerint
289 2291 461 2367 nominati,
477 2290 505 2351 si
520 2311 553 2352 se
567 2291 687 2373 gracia,
699 2291 783 2367 odic,
806 2291 857 2352 vel
869 2292 986 2352 timore
1007 2291 1236 2368 subtraxerint,

81 2408 138 2471 per
153 2406 319 2450 censuram
334 2385 480 2462 eandem,
496 2386 692 2468 apellacione
715 2391 867 2463 cessante,
888 2386 1004 2469 legatis
1019 2389 1155 2450 veritate
1170 2393 1235 2450 tes·

81 2483 260 2546 timonium
294 2481 407 2565 (1218)
436 2482 615 2564 perhibere.
676 2483 751 2544 Dat.
784 2482 936 2559 Viterbii,
966 2484 1018 2566 iju·
1050 2485 1099 2547 Id.
1130 2485 1233 2562 Junii,
1258 2512 1325 2561 June
1337 2516 1376 2570 20.

81 2578 296 2643 Pontificatus
321 2580 420 2641 nostri
445 2599 529 2641 anuo
555 2578 736 2640 undecimo.
784 2578 890 2661 Hujus
914 2581 1017 2662 igitur
1041 2582 1233 2643 auctoritate
1259 2583 1392 2634 Δ811237·

81 2676 241 2751 mandati,
267 2675 426 2737 Abbatem
456 2680 491 2738 et
520 2681 715 2737 conventum
754 2675 839 2736 Novi
878 2676 968 2739 Mon.
999 2697 1104 2739 coram
1141 2678 1233 2740 nobis

81 2773 176 2834 citari
204 2771 351 2848 fecimus,
376 2772 494 2854 quibus
516 2771 787 2853 comparentibus,
810 2773 922 2854 11811188
942 2775 1072 2836 fuerunt
1087 2795 1126 2836 ex
1141 2780 1232 2857 parte

82 2867 203 2930 Prioris
234 2872 268 2930 et
302 2872 477 2929 conventus
504 2867 544 2929 de
583 2865 752 2948 Kyrkham
774 2868 907 2931 decimae
922 2870 1101 2947 firmarum,
1117 2878 1150 2933 81
1165 2891 1233 2933 1110-

83 2963 252 3027 leudinum
285 2968 319 3025 et
353 2965 456 3025 eciam
480 2963 652 3025 dominicae
677 2963 810 3026 decimae
835 2965 920 3026 villae
947 2966 987 3027 de
1025 2966 1171 3029 Stretton
1198 2968 1233 3029 in
1259 2987 1411 3050 agreement

83 3059 349 3123 Nerthumbriaa
373 3059 470 3121 dictis
485 3058 599 3121 abbate
625 3065 659 3121 81
674 3066 832 3121 8011188111
848 3060 932 3121 Novi
953 3060 1044 3123 Mon.
1067 3067 1100 3123 et
1127 3064 1234 3126 subse·
1258 3053 1369 3129 saiwan

84 3163 220 3239 quenter
233 3156 275 3216 lis
291 3157 378 3217 inter
392 3155 519 3217 eosdem
538 3176 631 3237 super
655 3155 751 3217 dictis
775 3156 909 3216 decimis
935 3156 1150 3220 amicabiliter
1175 3160 1233 3222 sub
1258 3119 1384 3233 ,11ξῖᾞὲ

83 3253 144 3314 hac
173 3252 277 3314 forma
306 3252 503 3332 conquievit,
544 3251 710 3327 videlicet,
737 3252 821 3332 quod
848 3251 929 3312 dicti
957 3252 1047 3313 Prior
1079 3259 1113 3315 et
1142 3274 1232 3316 conv.
1259 3250 1392 3301 Kirkham.

84 3349 352 3411 renunciavenmt
381 3352 414 3410 et
445 3354 604 3411 cesserunt
639 3349 727 3411 omni
757 3348 890 3422 accioni,
920 3349 1086 3429 peticioni,
1112 3355 1146 3412 et
1167 3350 1236 3432 juri

84 3465 178 3527 super
192 3445 289 3506 dictis
311 3445 445 3507 decimis
472 3445 629 3528 petendis,
654 3442 774 3506 eisdem
798 3445 1054 3526 competentibus
1077 3447 1237 3528 imperpe-

85 3546 189 3603 tuum.
235 3540 288 3602 Ita
314 3541 399 3622 quod
423 3540 521 3603 abbas
555 3545 589 3602 et
616 3546 789 3603 conventus
814 3547 951 3622 quatuor
975 3541 1091 3603 solidos
1115 3563 1237 3604 annuos

84 3637 184 3720 priori
199 3641 233 3698 81
248 3637 421 3698 conventui
436 3637 476 3698 de
492 3635 671 3718 Kyrkham,
687 3637 814 3698 infesto
828 3636 1041 3713 Pentecostes,
1060 3659 1117 3720 per
1129 3660 1237 3700 eorum

84 3737 211 3794 certum
226 3736 438 3808 attomatum‚
453 3733 538 3814 apud
553 3731 789 3815 Thyclyngton,
814 3753 870 3813 pro
890 3733 973 3794 bono
988 3734 1085 3815 pacis.
1101 3733 1239 3796 fideliter

85 3828 280 3911 persolvent,
296 3829 381 3910 quod
397 3849 429 3890 se
444 3828 586 3890 facturos
601 3827 743 3890 fideliter
757 3830 983 3910 promiserunt.
1030 3830 1073 3891 Et
1096 3831 1238 3913 subjece-

86 3929 164 3988 mnt
194 3946 227 3988 se
257 3926 354 3989 dictae
383 3930 489 4009 partes
515 3924 739 4008 jurisdiccioni
770 3925 891 3986 Decani
919 3926 1012 3989 Ebor.
1043 3933 1077 3989 81
1107 3928 1237 3990 Archid.

86 4020 240 4084 Dunelm.
265 4022 322 4104 qui
346 4041 405 4104 pro
431 4026 577 4104 tempore
602 4021 733 4096 fuerint,
755 4021 806 4082 vel
828 4042 939 4082 eorum
964 4023 1106 4099 alterius,
1132 4029 1170 4084 ut
1196 4024 1237 4085 ad

87 4117 347 4181 observaciouem
370 4117 458 4179 illius
473 4118 720 4200 composicionis
739 4137 871 4178 censura
886 4118 1099 4180 ecclesiastica
1119 4119 1238 4201 absque

87 4235 189 4278 causae
215 4214 404 4298 cognicione
428 4214 660 4296 compellantur
685 4212 726 4274 ab
752 4213 873 4274 eisdem
899 4213 949 4275 vel
970 4234 1080 4276 eorum
1095 4216 1239 4292 alterius,

87 4312 316 4375 nonobstante
340 4311 449 4393 aliquo
465 4309 635 4392 privilegio
651 4309 800 4371 alterutri
825 4310 970 4390 parcium
991 4312 1127 4375 indulto.
1173 4313 1240 4375 Nos

426 4458 431 4487 ¹
452 4455 575 4526 (iregory
588 4455 649 4523 IX,
663 4469 717 4509 an.
733 4455 899 4511 lars-1241.
