2940 5048
422 330 470 383 on
494 328 590 383 novo
615 329 853 383 nouasraaro.
1310 310 1381 383 221

57 523 145 567 aures
160 503 336 579 audierint,
360 501 445 584 quod
471 522 532 585 ego
558 501 714 563 Ricardus
738 501 888 562 Bertram
911 500 1050 562 concessi
1074 505 1109 562 et
1123 501 1209 577 dedi,
1233 507 1377 559 tionoft-ho

56 610 89 663 et
111 601 145 662 h.
170 621 203 683 p.
228 621 255 663 c.
281 599 366 662 conf.
391 600 424 660 in
452 599 545 661 feodo
569 605 605 661 et
627 598 810 674 elemosina,
837 599 1000 660 monachis
1021 598 1093 661 abb.
1111 599 1144 661 S.
1160 599 1208 661 M.
1233 576 1370 691 fflffli

56 697 141 759 Novi
157 698 260 773 Mon,
274 702 397 759 terram
412 716 483 779 quae
499 696 620 758 dicitur
643 694 773 769 Forum,
796 699 830 756 et
852 715 947 756 omne
962 697 1047 776 quod
1062 696 1103 758 ad
1118 696 1209 757 illam
1233 706 1357 758 Butram.

57 795 199 876 pertinet
225 794 259 854 in
276 793 370 855 bosco
394 798 429 855 et
455 792 490 853 in
506 790 612 873 plano,
635 792 671 851 in
693 791 793 871 pratis
817 796 851 851 et
874 791 908 851 in
933 793 1069 872 pascuit,
1088 792 1209 854 eisdem

57 890 232 965 monachis,
247 887 319 973 (ut)
334 892 423 950 carta
436 889 537 970 patris
553 887 617 948 mei
632 892 770 948 testatur
784 891 819 948 et
833 886 1012 950 confirmat.
1036 888 1089 949 Ita
1100 893 1209 950 tamen

58 991 94 1048 ut
109 987 207 1068 praed.
223 985 374 1047 monachi
389 984 490 1046 michi
506 989 540 1046 et
555 983 621 1046 her.
632 983 712 1045 meis
723 1001 914 1065 unoquoque
926 1003 1011 1044 anno
1026 1004 1079 1045 sex
1094 983 1209 1044 solidos

58 1082 205 1158 reddent,
219 1102 278 1143 nec
294 1081 386 1144 nobis
400 1100 460 1143 nec
474 1080 571 1142 alicui
595 1078 734 1160 amplius
760 1099 817 1161 pro
842 1078 955 1141 eadem
979 1085 1064 1141 terra
1078 1080 1207 1141 facient.
1234 1083 1347 1147 Offensa

58 1179 132 1241 Hiis
141 1178 352 1261 praesentibus
363 1176 508 1252 testibus,
520 1176 647 1258 quaudo
659 1176 741 1236 hanc
754 1175 962 1259 donacionem
974 1182 1008 1238 et
1019 1181 1208 1257 praesentem
1230 1149 1358 1267 ffiffl·

57 1273 336 1335 confirmacionem
352 1272 420 1334 Deo
435 1278 469 1334 et
484 1271 517 1334 S.
534 1271 581 1335 M.
597 1291 691 1352 super
707 1277 852 1332 sanctum
868 1270 968 1334 altare
982 1274 1068 1353 apud
1080 1272 1208 1334 Novum

58 1370 294 1432 Monosterium
309 1368 425 1450 optuli,
439 1373 501 1430 etc.

123 1560 282 1625 Omnibus
298 1561 434 1637 Sanctae,
459 1565 522 1622 etc.
567 1559 712 1640 Rogerus
738 1560 885 1622 Bertram
909 1559 956 1623 fil.
973 1561 1042 1624 Ric.
1060 1561 1207 1622 Bertram
1231 1556 1327 1663 Saleii·

57 1658 97 1722 de
111 1657 242 1734 Bothal,
257 1657 405 1719 salutem.
449 1655 583 1718 Noverit
602 1656 790 1717 universitas
808 1660 922 1733 vestra,
945 1657 1030 1738 quod
1045 1677 1105 1739 ego
1120 1657 1207 1731 dedi,
1234 1694 1250 1725 a
1267 1686 1334 1728 rene

57 1753 209 1829 concessi,
223 1752 373 1827 relaxavi,
387 1756 422 1814 et
448 1752 595 1833 quietum
615 1750 752 1813 clamavi
776 1751 816 1812 de
831 1772 883 1814 me
898 1758 932 1813 et
947 1753 1010 1814 her.
1028 1774 1072 1814 m.
1088 1754 1205 1834 imper·
1230 1744 1373 1858 chargessby

57 1856 204 1933 petuam,
218 1848 287 1911 Deo
303 1853 337 1910 et
351 1867 437 1910 mon.
453 1846 530 1909 eccl.
548 1846 580 1909 S.
596 1846 644 1908 M.
659 1848 745 1909 Novi
760 1847 850 1909 Mon.
866 1868 923 1930 pro
939 1849 1081 1930 quinque
1092 1851 1207 1911 marcis
1231 1808 1315 1925 iiiiii
1345 1827 1383 1859 ω’

56 1946 184 2026 argenti
200 1965 277 2027 quas
292 1944 375 2006 mihi
390 1943 548 2007 dederunt
563 1944 596 2004 in
613 1963 732 2025 magna
747 1944 936 2005 necessitate
952 1964 1033 2018 mea,
1045 1943 1207 2006 redditum

56 2062 110 2105 sex
135 2040 310 2103 solidorum
335 2060 413 2121 quas
438 2039 519 2100 dicti
544 2039 694 2100 monachi
721 2038 735 2122 l
742 2036 839 2118 1223)
866 2038 1009 2101 solebant
1038 2042 1206 2101 annuatim

56 2138 189 2201 reddere
203 2136 304 2198 michi
320 2141 353 2197 et
368 2141 471 2197 antec.
488 2135 568 2197 meis
583 2155 640 2216 pro
656 2140 740 2197 terra
756 2134 796 2197 de
811 2134 949 2209 Forum;
972 2137 1020 2196 ita
1031 2136 1115 2216 quod
1127 2137 1207 2199 dicti

56 2234 208 2296 monachi
223 2232 344 2294 dictam
368 2235 487 2294 terram
513 2232 553 2293 de
577 2232 696 2293 Forum
721 2251 797 2292 cum
816 2232 1023 2313 pertinenciis
1038 2233 1078 2294 de
1093 2238 1208 2295 coetero

57 2330 197 2393 habeant
224 2334 259 2390 et
283 2332 415 2390 teneant
441 2328 475 2390 in
501 2322 583 2409 pur.'
597 2333 632 2390 et
657 2348 744 2409 perp.
769 2326 823 2401 el.,
846 2327 995 2403 solutam,
1014 2327 1150 2390 liberam
1173 2336 1208 2392 et

57 2425 202 2508 quietam
216 2425 259 2487 ab
273 2424 361 2486 omni
376 2423 508 2486 servicio
524 2428 559 2486 et
572 2424 752 2486 exaccione.
798 2423 843 2484 Et
860 2442 920 2504 ego
934 2422 1077 2505 Rogerus
1092 2426 1206 2487 ether.

57 2523 215 2585 meihanc
230 2520 439 2584 donacionem
451 2540 557 2581 meam
566 2518 664 2600 praed.
680 2519 844 2580 monachis
856 2519 1131 2581 warantizabimus
1145 2521 1208 2582 im-

56 2623 260 2702 perpetuum.
305 2615 378 2677 Hiis
392 2615 540 2691 testibus,
555 2620 618 2678 eto.

124 2808 285 2874 Omnibus
306 2809 368 2870 hoc
391 2809 560 2890 scripturn,
582 2813 647 2871 etc.
692 2808 770 2871 Sara
785 2808 935 2885 Bainard,
949 2812 1110 2893 quondam
1126 2832 1211 2874 uxor.
1286 2809 1325 2875 vj·

57 2904 189 2970 Ricardi
205 2905 354 2968 Bertram
368 2904 409 2965 de
432 2903 578 2979 Bothale,
594 2903 741 2967 salutem.
786 2905 818 2966 N
819 2906 949 2968 overitis
971 2928 1023 2968 me
1045 2909 1080 2969 in
1103 2908 1205 2970 libera
1228 2877 1373 2993 &siffis

58 3005 219 3086 potestate
240 3007 276 3063 et
297 3003 332 3062 in
354 3000 436 3082 ligia
452 3000 611 3062 viduitate
633 3020 715 3076 mea,
738 3001 894 3063 relaxasse
916 3008 951 3064 et
973 3005 1119 3083 quietum
1140 3004 1205 3066 cla·
1228 3018 1287 3073 part
1298 3011 1327 3059 of
1336 3010 1382 3058 tho

58 3120 161 3163 masse
184 3098 302 3160 Decet
326 3095 358 3160 S.
382 3095 431 3159 M.
454 3101 488 3158 et
514 3097 679 3159 monacbis
704 3097 780 3158 eccl.
797 3096 881 3157 Novi
905 3097 1006 3174 Mon„
1022 3119 1079 3179 pro
1102 3100 1203 3162 salute
1227 3076 1371 3190 ffiss'ifff„

58 3197 175 3259 animas
191 3193 314 3256 domini
329 3193 407 3268 mei,
422 3191 512 3274 cujus
524 3213 636 3274 corpus
651 3192 773 3254 ibidem
789 3194 968 3272 requiescit,
981 3200 1014 3254 et
1030 3215 1086 3276 pro
1102 3195 1204 3258 salute
1229 3179 1325 3256 widorv'.

58 3294 175 3355 animae
199 3310 288 3364 meae,
315 3289 451 3351 terciam
473 3294 599 3371 partem
623 3287 724 3350 firmae
749 3309 800 3350 sex
830 3288 1013 3363 solidorum,
1038 3310 1116 3369 quos
1143 3292 1204 3372 ipsi

58 3387 230 3451 annuatim
244 3386 376 3449 reddere
391 3383 536 3449 solebant
559 3405 617 3467 pro
639 3389 723 3446 terra
747 3385 787 3447 de
803 3386 933 3447 Forum.
980 3384 1019 3446 In
1036 3384 1126 3467 cujus
1148 3389 1206 3464 rei,

58 3490 120 3549 etc.

489 3772 786 3839 PENDEMORE.

127 3973 285 4039 Omnibus
308 3972 380 4048 hoc,
404 3976 466 4034 etc.
511 3969 674 4032 Johannes
700 3972 741 4033 de
767 3972 901 4053 Rydale,
929 3975 1078 4039 salutem.
1122 3977 1204 4040 Nov.
1294 3982 1320 4049 j·

60 4090 112 4134 me
126 4090 216 4133 cono.
231 4068 303 4132 ded.
319 4075 354 4131 et
368 4088 400 4150 p.
417 4087 445 4129 c.
461 4087 505 4129 m.
521 4067 604 4129 conf.
621 4066 787 4129 Willelmo
802 4068 842 4130 de
860 4069 1084 4149 Redmershill,
1099 4074 1205 4156 capel-
1229 4050 1355 4165 midi?

59 4164 133 4229 lano
148 4171 184 4229 et
205 4166 271 4227 suis
292 4164 472 4247 assignatis,
488 4163 523 4224 iu
547 4162 603 4225 lib.
627 4183 699 4243 pur.
726 4168 759 4223 et
782 4183 871 4245 perp.
888 4165 940 4242 el.,
959 4170 1062 4228 totam
1086 4173 1202 4233 terram
1228 4180 1367 4244 Rydalcof

59 4282 132 4324 cum
148 4262 267 4346 pertin.
283 4261 351 4323 sine
366 4260 475 4341 aliquo
489 4263 719 4331 retenemento,
732 4258 767 4319 in
781 4259 873 4321 Nova
887 4258 1094 4342 Pendemore,
1105 4285 1202 4347 quam
1225 4246 1384 4362 {iffi-Nm

60 4357 157 4442 Hugo
187 4358 227 4421 de
257 4356 348 4419 Herl’
379 4356 470 4418 dedit
500 4354 611 4429 michi,
641 4354 675 4414 in
712 4352 849 4415 liberum
879 4357 1099 4439 maritagium,
1129 4383 1202 4424 cum
1228 4395 1298 4427 more
1317 4387 1344 4429 to

60 4454 215 4518 Ysmania
229 4452 297 4517 tilia
312 4472 379 4527 sua,
394 4470 469 4513 eum
485 4450 632 4511 omnibus
648 4449 853 4513 libertatibus
868 4451 929 4537 (et)
944 4456 1148 4536 aysiamentis
1164 4461 1205 4522 ad
1230 4444 1384 4496 willitrude
