2940 5048
458 306 508 363 DE
531 308 626 363 NOVO
651 308 887 363 Mousarnalo.

76 490 148 539 eor.
166 474 293 560 assign.
307 476 345 539 li.
361 477 430 560 qui.
446 477 530 541 bens
544 479 629 541 etin
646 496 725 560 pace
747 476 895 540 iaciendo
917 479 1088 541 annuatim
1111 477 1245 562 capitali

79 568 224 634 domino
239 571 328 636 ville
343 571 384 635 de
397 571 554 655 Morpsth
568 572 717 636 debiturn
739 575 911 636 servicium
925 580 1084 655 quantum
1102 576 1246 657 pertinet

81 665 128 729 ad
143 667 249 750 praed.
264 667 400 731 toltum.
433 668 479 731 Et
493 687 555 752 ego
568 669 650 731 Rob.
666 669 783 731 ether.
798 688 843 731 m.
858 668 956 751 pred.
973 669 1049 732 toft.
1066 691 1140 732 cum
1156 669 1244 733 aedii.

86 767 124 827 et
139 783 231 826 omn.
242 764 363 847 pertin.
375 783 400 827 s.
411 764 510 846 prad
523 764 597 829 abb.
609 767 644 828 et
659 783 724 828 mo.
737 768 849 828 contra
864 784 952 827 omn.
964 765 1051 828 hom.
1063 786 1137 837 aar.
1150 770 1212 828 etc.

164 953 335 1032 Omnibus,
344 958 408 1018 etc.
423 953 539 1018 Frater
547 955 733 1019 Willelmus
749 956 838 1038 prior
851 954 884 1017 N
885 957 937 1017 ovi
949 955 1040 1019 Mon.
1052 959 1087 1020 et
1101 956 1246 1040 ejusdem
1315 960 1382 1028 xxij·

95 1048 164 1113 loci
179 1049 376 1130 Conventus,
389 1051 539 1114 salutem.
583 1051 751 1114 Noveritis
765 1071 823 1114 nos
838 1052 985 1113 unanimi
1001 1072 1157 1116 consensu
1171 1073 1247 1115 con·
1271 1028 1421 1153 {ffiffim

94 1148 230 1210 oessisse
244 1148 336 1210 etad
354 1147 441 1211 feodi
457 1147 584 1210 firmam
599 1147 760 1210 dimisisse
775 1147 917 1210 Roberto
932 1148 973 1210 de
987 1148 1051 1210 Kel
1073 1150 1247 1211 dimidium
1271 1159 1322 1209 and
1334 1160 1415 1210 build-

95 1243 222 1305 toftum
235 1263 312 1306 cum
327 1243 472 1306 [edificiis
487 1243 522 1305 in
536 1242 616 1305 villa
630 1244 671 1305 de
685 1243 853 1325 Morpatb,
868 1245 955 1305 inter
976 1244 1108 1306 domum
1127 1244 1246 1326 Rogeri
1270 1226 1408 1342 We.

96 1337 237 1422 Crampe
263 1347 298 1403 et
318 1339 452 1402 domum
478 1338 560 1401 dicti
583 1338 719 1402 Roberti
742 1339 783 1406 de
806 1339 880 1415 Kel,
902 1339 1065 1402 reddendo
1091 1339 1167 1401 inde
1189 1360 1247 1401 an·
1271 1356 1332 1411 Kal.

96 1437 227 1498 nustim
256 1435 348 1500 nobis
376 1440 411 1498 et
440 1435 672 1498 successoribus
698 1436 816 1498 nostris
844 1435 881 1497 in
909 1440 1101 1516 perpetuum
1130 1440 1195 1498 tres
1221 1455 1247 1497 s.

97 1529 259 1593 bonorum
278 1530 521 1613 sterlingorum,
535 1531 660 1593 scilicet
682 1531 893 1593 medietatem
907 1531 949 1592 ad
964 1531 1081 1593 festum
1099 1530 1131 1593 S.
1148 1531 1249 1595 Cuth-

98 1626 188 1689 berti
203 1628 239 1689 in
254 1626 440 1710 Septembri
455 1632 489 1690 et
503 1627 602 1689 aliam
625 1627 836 1690 medietatem
851 1628 892 1690 ad
907 1629 1026 1690 festum
1047 1626 1191 1710 ejusdem
1214 1628 1249 1689 in

99 1721 286 1805 Septembri
301 1721 405 1808 (sie).¹
451 1724 530 1787 Ten.
546 1728 580 1785 et
594 1724 671 1787 hab.
686 1724 775 1786 dicto
791 1723 831 1785 R.
844 1730 879 1786 et
893 1725 960 1786 ber.
976 1745 1000 1786 s.
1015 1724 1066 1786 vel
1077 1724 1192 1805 assign.
1209 1724 1250 1785 de

100 1818 196 1881 nobis
210 1822 245 1880 et
259 1839 395 1882 success.
406 1821 536 1894 nostris,
548 1818 585 1882 li.
598 1820 664 1901 qui.
677 1823 711 1881 et
726 1819 829 1881 solute
844 1820 886 1882 ab
901 1821 991 1882 omni
1007 1821 1142 1881 servicio
1157 1819 1250 1881 nobis

100 1914 311 1996 contingente
334 1916 477 1998 exceptis
501 1915 600 1998 praed.
618 1914 722 1977 tribus
742 1935 766 1978 s.
785 1914 826 1976 sd
850 1915 954 1977 dictos
978 1915 1134 1977 terminos
1156 1915 1250 1977 nobis

99 2009 272 2072 solvendis.
317 2011 372 2073 Ita
386 2015 497 2074 tamen
511 2010 598 2093 quod
621 2013 790 2073 annuatim
813 2010 939 2073 solvant
957 2011 1088 2072 domino
1115 2010 1249 2091 capitali

99 2112 174 2166 octo
188 2104 220 2167 d.
236 2110 271 2169 et
286 2106 434 2169 iaciendo
450 2107 623 2168 servicium
638 2105 725 2169 villae
740 2111 897 2189 quantum
913 2107 1058 2188 pertinet
1068 2105 1110 2167 ad
1121 2110 1249 2168 tantam

99 2204 233 2263 terram.
277 2201 314 2266 Si
338 2222 414 2265 vero
438 2203 607 2284 contingat
630 2203 756 2264 dictum
781 2202 960 2264 Robertum
983 2201 1035 2262 vel
1059 2201 1126 2262 ber.
1146 2220 1171 2262 s.
1191 2221 1249 2263 seu

99 2297 220 2378 assign.
237 2296 272 2358 in
287 2297 452 2378 praedictae
471 2297 573 2360 firmae
593 2297 755 2360 solucione
770 2299 811 2360 ad
826 2298 981 2359 terminos
996 2296 1072 2358 inde
1087 2297 1149 2358 sibi
1168 2317 1249 2378 prae-

100 2391 180 2454 fixos
194 2391 331 2455 deficere
345 2392 431 2455 ultra
445 2392 658 2455 ebdomadam
674 2393 799 2456 solvent
819 2394 912 2476 ponti
930 2392 1092 2474 praedictae
1107 2391 1192 2454 villae
1207 2392 1248 2454 de

99 2485 256 2569 Morpath
281 2507 339 2570 pro
363 2508 459 2570 poena
481 2493 548 2550 tres
569 2507 595 2552 s.
614 2490 765 2571 quociens
789 2489 850 2550 boc
874 2489 1027 2564 evenerit,
1051 2493 1086 2550 et
1111 2487 1248 2550 nichilo·
1271 2501 1389 2568 Morpcth

99 2582 209 2645 minus
231 2582 324 2644 nobis
347 2583 560 2665 principalem
582 2583 710 2645 firmam
733 2587 875 2645 nostram
891 2583 932 2645 ad
948 2583 1056 2645 omnia
1071 2602 1146 2645 vero
1166 2603 1247 2664 prae-
1271 2569 1367 2635 bridge.

100 2678 191 2742 dicta
213 2677 354 2741 fideliter
376 2680 572 2743 observanda
594 2685 664 2742 tam
686 2700 744 2742 nos
764 2700 861 2761 quam
881 2680 988 2742 dictus
1003 2680 1042 2744 R.
1059 2681 1135 2741 huic
1150 2685 1247 2742 cartae

99 2775 136 2837 in
152 2774 286 2837 modum
301 2775 467 2858 cyrograffi
488 2776 642 2839 confectas
662 2776 770 2858 sigilla
787 2781 896 2838 nostra
911 2776 1127 2857 apposuimus.
1171 2775 1247 2838 Hiis

100 2871 250 2933 testibus.

170 3060 348 3141 Universis,
375 3066 437 3125 etc.
482 3062 666 3126 Willelmus
692 3065 812 3125 tinctor
834 3063 874 3125 de
900 3062 1065 3146 Morpatb,
1095 3063 1244 3127 salutem.
1313 3056 1390 3137 fxiij·

100 3154 185 3218 Nor.
207 3176 261 3218 me
283 3177 371 3220 conc.
392 3165 427 3221 et
448 3179 540 3241 praes.
563 3160 682 3242 scripto
706 3179 777 3220 meo
800 3160 885 3220 conf.
906 3158 979 3220 abb.
996 3165 1030 3220 et
1052 3180 1144 3221 conv.
1159 3158 1245 3220 Novi
1269 3125 1429 3240 pssqreqqpent

101 3251 194 3314 Mon.
210 3249 289 3314 duos
307 3272 332 3314 s.
348 3255 446 3315 annui
468 3255 614 3317 redditus
637 3254 836 3335 recipiendos
852 3253 892 3315 de
907 3252 975 3314 illis
997 3254 1093 3314 terris
1108 3259 1141 3315 et
1155 3259 1246 3315 tene·
1270 3255 1416 3369 qlffinby

102 3348 235 3424 mentis,
250 3367 322 3429 quae
336 3349 468 3429 quidem
488 3349 619 3412 suerunt
634 3348 745 3412 Elenae
760 3350 867 3410 uxoris
882 3348 1017 3409 Haurici
1033 3348 1073 3409 de
1088 3347 1246 3423 Pikeden‚
1271 3387 1314 3436 ,ho
1323 3386 1384 3449 dyer
1402 3386 1432 3435 or

103 3444 138 3505 in
158 3442 240 3505 villa
260 3444 300 3506 de
318 3445 482 3528 Morpath‚
498 3447 585 3508 inter
607 3450 709 3508 terras
724 3443 886 3507 Willelmi
908 3443 1080 3505 sacerdotis
1102 3443 1142 3506 de
1164 3444 1248 3507 Bed-
1272 3451 1399 3514 Mor-poth.

102 3538 260 3620 lyngtona
274 3538 374 3620 (oab)
390 3562 429 3602 ex
447 3547 539 3624 parte
555 3540 706 3603 orientali
721 3545 756 3602 et
775 3546 876 3602 terras
891 3539 1025 3602 Roberti
1049 3539 1195 3607 Fullonia
1210 3561 1250 3603 ex

103 3639 196 3716 parte
215 3635 419 3711 occidentali,
434 3657 508 3719 quae
522 3657 554 3698 se
563 3637 743 3698 extendunt
752 3635 794 3697 ab
809 3635 876 3697 alta
887 3636 938 3697 via
947 3655 1047 3717 usque
1057 3636 1092 3696 in
1102 3634 1252 3717 Gotting-

103 3728 206 3803 bum;
231 3729 396 3793 solvendos
410 3731 574 3814 praedictis
588 3731 661 3794 abb.
677 3734 712 3793 et
725 3731 803 3792 mo.²
818 3736 854 3792 et
869 3750 999 3792 success,
1015 3731 1049 3791 in
1061 3736 1252 3812 perpetuum

104 3826 274 3887 annuatim
292 3826 333 3888 ad
354 3826 437 3889 festa
451 3827 584 3889 Pentec.
601 3832 635 3889 et
651 3827 683 3890 S.
699 3826 839 3888 Martini
853 3828 887 3888 in
903 3827 1018 3910 hyeme
1038 3846 1095 3908 per
1115 3825 1253 3909 aequales

103 3920 280 4002 porciones.
326 3920 472 3985 Concedo
488 3924 619 4004 insuper
634 3942 691 4005 pro
706 3943 758 3984 me
774 3926 809 3984 et
822 3922 890 3984 her.
902 3942 946 3984 m.
958 3922 1044 4003 quod
1060 3922 1141 3984 bene
1157 3922 1254 3984 liceat

103 4016 204 4097 praed.
220 4016 292 4078 abb.
309 4021 344 4080 et
359 4037 452 4081 conv.
468 4022 503 4081 et
518 4038 582 4081 eor.
599 4019 829 4081 successoribus
851 4017 1023 4099 praedictas
1043 4022 1119 4079 terr.
1136 4023 1172 4081 et
1185 4024 1252 4079 ten.

103 4110 299 4194 distringere
315 4112 349 4174 in
365 4133 629 4195 quorumcunque
639 4133 752 4175 manus
768 4113 966 4189 devenerint,
976 4113 1253 4195 quocienscunque

103 4207 202 4288 praed.
218 4207 364 4271 redditus
384 4229 404 4270 a
424 4216 509 4272 retro
534 4209 644 4285 suerit,
662 4209 763 4271 donec
788 4207 849 4270 sibi
874 4207 914 4270 de
938 4209 1036 4289 praed.
1052 4209 1140 4272 redd.
1156 4210 1255 4273 fuerit

353 4371 363 4403 ¹
382 4368 527 4423 Oorrectsd
539 4369 567 4423 in
580 4368 693 4439 margin,
706 4367 837 4422 ‘Martis'

353 4442 363 4472 ¹
381 4439 490 4510 Eresed,
503 4440 557 4495 and
569 4438 661 4494 ‘Ocu’
673 4438 789 4494 inserted
802 4437 831 4493 in
842 4435 955 4510 margin.
