2940 5048
91 301 137 374 74

80 501 111 549 29
122 514 201 562 years.

79 565 112 627 by
124 564 214 614 Odnoll

78 630 109 680 da
121 630 183 679 Um·

79 696 173 746 irarili.

697 320 974 379 cnanwnamou

251 489 340 553 tibus
354 510 410 573 per
424 490 481 553 has
495 490 626 569 divisas,
636 490 801 570 videlicet,
815 512 873 575 per
888 493 1008 558 divisas
1021 493 1063 557 da
1075 492 1253 559 Bitlesdan
1267 497 1421 579 usquead

252 587 370 649 ditisas
385 587 425 649 de
441 586 554 664 Clenil,
568 592 604 649 et
617 588 693 650 inde
708 607 765 671 per
778 589 920 651 rivulum
934 590 976 652 de
992 590 1142 654 Kidland
1163 611 1298 655 sursum
1317 612 1421 657 versus

252 684 422 745 meridiem
444 703 544 765 usque
567 683 609 746 ad
626 703 779 767 magnam
794 685 881 746 viam
897 686 937 748 de
952 687 1149 768 Emespath‚
1164 692 1201 750 et
1216 707 1277 771 per
1289 689 1421 752 eandem

252 780 340 841 viam
355 799 454 860 usque
468 780 509 842 ad
523 780 628 841 rivum
643 778 685 841 de
700 779 894 862 Emospath,
907 786 943 844 et
957 801 1015 864 par
1025 782 1136 865 ipsum
1150 783 1419 867 rivnmnsquead

252 880 360 936 ortum
374 875 476 956 ipsius
490 875 599 951 rivuli,
609 879 645 936 et
654 895 762 937 versus
776 877 936 939 orientem
950 897 1054 960 usqne
1067 877 1111 941 ad
1122 877 1249 941 divisas
1263 879 1418 945 willelmi

252 971 293 1032 de
307 970 412 1047 Vesci,
423 971 520 1032 etita
534 990 635 1053 usque
649 972 691 1034 ad
705 970 825 1033 divisas
839 973 1004 1054 praedictae
1018 973 1213 1051 Bitnesden,
1228 975 1328 1040 etita
1337 978 1417 1059 qnod

252 1066 361 1128 nullus
383 1067 546 1148 praediotae
567 1071 707 1149 pasturae
728 1067 983 1130 communicabit
1004 1072 1124 1151 praeter
1137 1069 1228 1152 ipsos
1236 1073 1418 1153 monachos,

253 1161 309 1225 sed
333 1163 396 1244 ipsi
422 1161 482 1225 soli
504 1182 542 1224 ea
566 1165 700 1224 utentur
719 1163 763 1226 ad
786 1182 881 1225 omne
896 1162 1078 1246 proficuum
1092 1184 1202 1245 suum,
1217 1171 1253 1229 et
1267 1167 1312 1230 ad
1326 1188 1418 1232 omne

253 1283 354 1345 genus
373 1263 503 1344 peculii,
517 1262 605 1325 etde
619 1262 690 1345 ipsa
707 1262 826 1325 foresta
846 1263 888 1325 ad
911 1264 1022 1327 omnia
1042 1266 1227 1329 necessaria
1249 1288 1310 1330 sua
1331 1268 1417 1332 illins

253 1363 315 1425 loci
332 1363 502 1444 accipient,
511 1367 608 1446 prout
616 1361 778 1425 forestarii
789 1364 855 1425 mai
870 1363 1082 1445 providerint,
1097 1365 1168 1427 sina
1179 1369 1418 1448 vmtacionact

254 1460 302 1521 ita
316 1458 400 1539 qnod
416 1478 510 1520 canes
524 1478 589 1520 uno
604 1459 654 1519 sui
668 1459 750 1540 pede
764 1458 919 1520 carebunt
933 1461 971 1521 nt
986 1459 1063 1522 ferae
1077 1480 1160 1523 meae
1175 1462 1351 1526 indomitas
1364 1484 1417 1547 pa-

150 1553 197 1586 ⁰⁰⁰
255 1575 323 1616 cem
339 1553 385 1614 ibi
400 1553 549 1615 habeant.
576 1553 671 1615 Hane
685 1573 813 1616 omnem
823 1558 988 1636 pasturam
999 1574 1059 1637 ego
1071 1554 1229 1619 Odnellus
1240 1562 1277 1621 et
1287 1559 1418 1623 heredffl

254 1651 319 1711 mei
343 1649 506 1731 praedictis
529 1648 694 1710 monachis
716 1668 792 1712 war.
817 1654 855 1711 nt
880 1668 952 1712 eam
974 1650 1077 1713 libers
1099 1656 1135 1714 et
1154 1654 1270 1734 quicto
1284 1658 1417 1722 teneant

126 1786 132 1798 ·
211 1783 217 1796 ·
254 1746 331 1808 xxix
346 1745 439 1805 annis
450 1744 491 1806 ab
502 1764 585 1805 anno
596 1744 1022 1807 IncamaoionisDominicae
1037 1765 1083 1808 m.
1098 1746 1230 1830 c.lmj
1248 1749 1339 1813 circa
1351 1750 1415 1812 Na·

142 2222 174 2289 ij·

110 2307 174 2340 enow
209 2307 224 2337 o

85 2358 129 2405 tho
140 2357 219 2405 abore

253 1838 319 1903 tale
334 1840 467 1902 Domini
489 1839 616 1921 quando
638 1838 741 1921 ipsam
756 1844 921 1922 pasturam
935 1845 1139 1922 acceperunt.
1184 1842 1232 1905 Et
1247 1845 1415 1909 sciendum

254 1937 339 2019 quod
354 1957 411 2018 pro
427 1937 490 1998 ista
503 1938 633 2017 pastura
647 1935 793 1997 habenda
808 1955 843 1997 oo
859 1939 892 1997 et
906 1955 948 1996 xx
962 1955 1085 1998 marcas
1100 1936 1263 2001 dederunt
1276 1945 1313 2003 st
1327 1940 1414 2005 uxori

255 2054 335 2096 meae
348 2038 414 2095 tres
428 2035 463 2095 et
477 2030 617 2094 Roberto
631 2030 700 2092 filio
714 2050 786 2094 mco
801 2051 833 2093 v.
877 2030 1036 2109 Testibus‚
1050 2036 1115 2095 etc.

323 2224 447 2287 Notum
469 2224 523 2297 eit,
537 2225 612 2298 eto,
627 2221 713 2303 quod
728 2240 789 2303 ego
809 2221 969 2284 Robertus
985 2221 1026 2285 de
1041 2222 1222 2286 Umfrauill
1238 2176 1311 2290 sine
1329 2227 1413 2290 malo

225 2290 389 2402 fingenio
410 2320 548 2381 concedo
573 2322 607 2380 et
626 2318 687 2379 hae
713 2318 864 2400 praesenti
886 2322 975 2380 carta
998 2317 1154 2381 confirmo
1180 2320 1252 2385 Deo
1277 2328 1314 2385 et
1328 2344 1413 2387 mon.

85 2424 118 2485 ty
132 2422 226 2470 notert
258 2419 292 2483 s.
305 2418 351 2478 M.
364 2415 448 2477 Novi
458 2415 548 2477 Mon.
561 2413 705 2476 Kidland
717 2413 887 2476 etAlwent
898 2418 933 2475 et
944 2433 1073 2476 omnem
1086 2420 1253 2497 pasturam
1264 2418 1312 2481 ibi
1318 2418 1414 2501 juxta

83 2489 114 2537 do
126 2488 188 2536 Um-

83 2552 178 2603 stavili.

258 2533 354 2595 quam
376 2516 468 2593 pater
490 2530 580 2572 meus
603 2508 758 2572 Odnellus
779 2509 825 2571 eis
848 2509 976 2572 dimisit
997 2529 1055 2592 per
1077 2511 1209 2575 easdam
1234 2512 1357 2577 divisas
1378 2519 1414 2578 ot

256 2609 384 2671 easdem
399 2607 628 2669 convenciones
643 2625 700 2687 por
714 2625 793 2687 quas
808 2604 997 2687 praedictam
1008 2610 1128 2668 terram
1136 2611 1238 2689 atque
1246 2613 1412 2692 pustulam

256 2704 428 2787 praedictus
444 2707 536 2785 pater
547 2722 637 2764 meus
651 2702 698 2763 eis
713 2701 840 2762 dimisit
855 2707 1008 2783 cartaque
1022 2720 1080 2763 sua
1097 2702 1316 2781 confirmavit,
1327 2711 1363 2769 et
1376 2707 1412 2768 in

257 2801 405 2863 omnibus
426 2799 515 2861 sicud
539 2798 651 2860 eadem
674 2797 744 2878 ipsa
766 2800 855 2858 carta
877 2800 1026 2874 testatur,
1041 2802 1075 2859 et
1096 2800 1258 2879 usquead
1273 2802 1412 2865 eundem

256 2898 433 2958 terminum
449 2916 544 2976 quem
559 2894 647 2956 idem
662 2898 753 2974 pater
768 2913 857 2955 meus
871 2893 918 2955 eis
932 2891 1070 2971 dimisit,
1086 2893 1223 2973 scilicet,
1231 2898 1310 2960 xxix
1319 2898 1413 2961 annis

258 2993 298 3054 ab
313 3013 396 3054 anno
406 2991 640 3053 Incamacionis
651 2989 830 3052 Dominicae
844 3009 888 3051 m.
903 3010 932 3051 o.
944 2988 1031 3071 lxxxj
1043 2991 1128 3052 circa
1137 2991 1256 3054 Natnle
1267 2992 1412 3073 Domini,

258 3092 318 3150 hoc
333 3093 391 3162 est,
407 3089 481 3149 xxvi
497 3087 590 3148 annis
604 3086 645 3148 ab
660 3105 697 3147 oo
713 3104 796 3146 anno
812 3086 848 3146 in
864 3086 982 3167 quoeis
993 3086 1076 3148 hanc
1087 3090 1411 3169 meamcartamfsci,

258 3185 392 3260 seilicet,
407 3184 448 3246 ab
460 3203 542 3245 anno
558 3181 795 3244 Incarnacionis
810 3181 989 3244 Dominicae
1004 3201 1049 3243 m.
1067 3202 1097 3244 c.
1108 3181 1249 3266 lxxxiiij,
1260 3185 1411 3249 similitor
1440 3264 1445 3275 Ι

257 3284 342 3343 eirca
357 3281 472 3342 Natale
487 3279 631 3341 Domini.
677 3279 722 3338 Et
736 3277 903 3338 sciendum
918 3277 1002 3359 quod
1018 3279 1101 3340 hanc
1115 3279 1162 3341 eis
1173 3281 1410 3345 concessionem

257 3383 291 3439 et
302 3376 581 3438 confirmacionem
594 3394 699 3434 meam
712 3370 812 3457 (feci)
824 3392 881 3454 pro
893 3372 1051 3435 xlmarois
1061 3393 1139 3456 quas
1147 3376 1408 3440 mihidedernnt.

257 3474 418 3549 Testibus,
434 3476 495 3534 eto.
520 3469 695 3532 Godefrido
710 3468 750 3529 da
765 3468 855 3550 Luoy
869 3471 904 3529 et
919 3468 1060 3550 Hugone
1074 3469 1239 3554 Morewyk
1253 3477 1289 3536 et
1302 3472 1387 3537 aliis.

327 3662 420 3746 (ath)
443 3660 598 3724 Ricardus
608 3660 648 3721 de
665 3656 852 3735 Umfrauill,
864 3657 1014 3721 salntem.
1038 3658 1157 3723 Sciatis
1171 3677 1224 3720 ms
1239 3658 1310 3721 sina
1324 3657 1410 3721 malo

94 3761 137 3857 10¹1}
155 3766 219 3827 ΠΨ
257 3766 388 3847 ingenio
411 3783 468 3845 pro
491 3782 535 3823 sa.
551 3779 602 3821 an.
619 3779 662 3820 m.
678 3763 713 3820 ot
735 3778 823 3821 omn.
839 3764 944 3820 antec.
960 3780 1004 3820 m.
1021 3780 1109 3822 conc.
1124 3762 1160 3820 et
1182 3758 1269 3821 oonf.
1291 3757 1360 3821 Deo
1374 3764 1408 3821 et

77 3885 93 3914 s
116 3830 164 3925 ove)
186 3903 190 3921 ,
220 3829 232 3860 ⁰
258 3863 339 3924 Abb.
356 3860 440 3930 Novi
453 3858 542 3919 Mon.
559 3855 668 3917 omnia
691 3855 780 3916 sicud
802 3858 891 3917 carta
912 3855 1091 3936 praecedens
1106 3858 1255 3918 testatur.
1293 3852 1359 3918 Sed
1373 3853 1408 3916 in

105 3935 113 3982 i
148 3960 201 4001 aa,
258 3960 320 4021 fine
332 3952 631 4033 dioit,‘Sciendum
647 3950 732 4033 quod
748 3969 805 4031 pro
820 3948 880 4011 hac
896 3969 968 4010 mea
982 3949 1230 4011 confirmacione
1244 3954 1279 4011 st
1293 3969 1407 4012 mann·

258 4057 441 4116 tenemento
457 4050 615 4112 dedemnt
629 4047 713 4108 mihi
727 4045 876 4127 praedioti
891 4037 1041 4107 monachi
1061 4065 1102 4107 xx
1118 4064 1241 4106 marcas
1261 4043 1407 4128 argenti!

258 4153 333 4213 Hiis
349 4146 495 4222 testibus,
511 4150 573 4206 etc.

324 4338 490 4400 Gilbertus
500 4336 541 4398 de
555 4333 741 4411 Umfrauill,
750 4333 899 4395 salntem.
938 4332 1056 4395 Sciatis
1067 4352 1120 4393 me
1131 4332 1199 4394 sine
1214 4332 1301 4395 malo
1316 4335 1408 4415 inge·

258 4440 321 4511 nio,
332 4455 388 4516 pro
400 4433 503 4495 salute
517 4452 570 4494 an.
586 4452 631 4492 m.
645 4433 678 4492 et
692 4449 779 4492 omn.
791 4434 894 4492 antec.
906 4448 995 4491 cono.
1007 4432 1042 4491 et
1050 4427 1183 4490 consilio
1192 4432 1228 4490 et
1239 4428 1407 4493 voluntate
