<?xml version="1.0" encoding="UTF-8"?>
<!DOCTYPE html PUBLIC "-//W3C//DTD XHTML 1.0 Transitional//EN"
    "http://www.w3.org/TR/xhtml1/DTD/xhtml1-transitional.dtd">
<html xmlns="http://www.w3.org/1999/xhtml" xml:lang="en" lang="en">
 <head>
  <title>
</title>
<meta http-equiv="Content-Type" content="text/html;charset=utf-8" />
  <meta name='ocr-system' content='tesseract 3.04.00' />
  <meta name='ocr-capabilities' content='ocr_page ocr_carea ocr_par ocr_line ocrx_word'/>
</head>
<body>
  <div class='ocr_page' id='page_1' title='image "./chartulariumabb00fowlgoog_0336.png"; bbox 0 0 2940 5048; ppageno 0'>
   <div class='ocr_carea' id='block_1_1' title="bbox 75 299 150 374">
    <p class='ocr_par' dir='ltr' id='par_1_1' title="bbox 75 299 150 374">
     <span class='ocr_line' id='line_1_1' title="bbox 75 299 150 374; baseline 0 0"><span class='ocrx_word' id='word_1_1' title='bbox 75 299 150 374; x_wconf 73' lang='lat'><strong>302</strong></span> 
     </span>
    </p>
   </div>
   <div class='ocr_carea' id='block_1_2' title="bbox 703 319 897 374">
    <p class='ocr_par' dir='ltr' id='par_1_2' title="bbox 703 319 897 374">
     <span class='ocr_line' id='line_1_2' title="bbox 703 319 897 374; baseline -0.005 -1"><span class='ocrx_word' id='word_1_2' title='bbox 703 319 897 374; x_wconf 68' lang='lat' dir='ltr'><strong>munna.</strong></span> 
     </span>
    </p>
   </div>
   <div class='ocr_carea' id='block_1_3' title="bbox 251 487 1392 670">
    <p class='ocr_par' dir='ltr' id='par_1_3' title="bbox 251 487 1392 670">
     <span class='ocr_line' id='line_1_3' title="bbox 318 487 1389 568; baseline -0.002 -14"><span class='ocrx_word' id='word_1_3' title='bbox 318 493 413 554; x_wconf 81' lang='lat' dir='ltr'><strong>Anno</strong></span> <span class='ocrx_word' id='word_1_4' title='bbox 443 489 577 553; x_wconf 83' lang='lat' dir='ltr'><strong>Domini</strong></span> <span class='ocrx_word' id='word_1_5' title='bbox 611 491 811 568; x_wconf 69' lang='lat' dir='ltr'><strong>mcccxxxvi</strong></span> <span class='ocrx_word' id='word_1_6' title='bbox 837 509 880 552; x_wconf 85' lang='lat' dir='ltr'><strong>xv</strong></span> <span class='ocrx_word' id='word_1_7' title='bbox 917 488 986 553; x_wconf 85' lang='lat' dir='ltr'><strong>ksl.</strong></span> <span class='ocrx_word' id='word_1_8' title='bbox 1013 489 1114 553; x_wconf 85' lang='lat' dir='ltr'><strong>Febr.</strong></span> <span class='ocrx_word' id='word_1_9' title='bbox 1140 488 1228 552; x_wconf 90' lang='lat' dir='ltr'><strong>obiit</strong></span> <span class='ocrx_word' id='word_1_10' title='bbox 1257 487 1389 552; x_wconf 83' lang='lat' dir='ltr'><strong>Dominus</strong></span> 
     </span>
     <span class='ocr_line' id='line_1_4' title="bbox 251 585 1392 670; baseline -0.003 -18"><span class='ocrx_word' id='word_1_11' title='bbox 251 589 396 670; x_wconf 80' lang='lat' dir='ltr'><strong>Rogcms</strong></span> <span class='ocrx_word' id='word_1_12' title='bbox 409 589 451 650; x_wconf 80' lang='lat' dir='ltr'><strong>ds</strong></span> <span class='ocrx_word' id='word_1_13' title='bbox 472 585 673 662; x_wconf 80' lang='lat' dir='ltr'><strong>Somsrvills,</strong></span> <span class='ocrx_word' id='word_1_14' title='bbox 688 588 746 669; x_wconf 89' lang='lat' dir='ltr'><strong>qui</strong></span> <span class='ocrx_word' id='word_1_15' title='bbox 768 586 862 649; x_wconf 85' lang='lat' dir='ltr'><strong>dedit</strong></span> <span class='ocrx_word' id='word_1_16' title='bbox 884 586 978 648; x_wconf 89' lang='lat' dir='ltr'><strong>nobis</strong></span> <span class='ocrx_word' id='word_1_17' title='bbox 1002 587 1255 648; x_wconf 79' lang='lat' dir='ltr'><strong>advocationem</strong></span> <span class='ocrx_word' id='word_1_18' title='bbox 1275 585 1392 649; x_wconf 75' lang='lat' dir='ltr'><strong>ecelsis</strong></span> 
     </span>
    </p>
   </div>
   <div class='ocr_carea' id='block_1_4' title="bbox 171 683 1230 777">
    <p class='ocr_par' dir='ltr' id='par_1_4' title="bbox 171 683 1230 777">
     <span class='ocr_line' id='line_1_5' title="bbox 171 683 1230 777; baseline -0.003 -29"><span class='ocrx_word' id='word_1_19' title='bbox 171 744 176 777; x_wconf 35' lang='grc' dir='ltr'><strong>Ι,</strong></span> <span class='ocrx_word' id='word_1_20' title='bbox 250 684 292 747; x_wconf 87' lang='lat' dir='ltr'><strong>de</strong></span> <span class='ocrx_word' id='word_1_21' title='bbox 306 685 538 768; x_wconf 80' lang='lat' dir='ltr'><strong>Stunnington,</strong></span> <span class='ocrx_word' id='word_1_22' title='bbox 552 688 588 746; x_wconf 86' lang='lat' dir='ltr'><strong>ct</strong></span> <span class='ocrx_word' id='word_1_23' title='bbox 601 683 746 765; x_wconf 83' lang='lat' dir='ltr'><strong>sepultus</strong></span> <span class='ocrx_word' id='word_1_24' title='bbox 760 688 811 746; x_wconf 87' lang='lat' dir='ltr'><strong>cst</strong></span> <span class='ocrx_word' id='word_1_25' title='bbox 824 683 912 766; x_wconf 85' lang='lat' dir='ltr'><strong>apud</strong></span> <span class='ocrx_word' id='word_1_26' title='bbox 927 683 1061 767; x_wconf 82' lang='lat' dir='ltr'><strong>Auneys</strong></span> <span class='ocrx_word' id='word_1_27' title='bbox 1075 683 1230 746; x_wconf 79' lang='lat' dir='ltr'><strong>Burton¹</strong></span> 
     </span>
    </p>
   </div>
   <div class='ocr_carea' id='block_1_5' title="bbox 252 888 1396 1070">
    <p class='ocr_par' dir='ltr' id='par_1_5' title="bbox 252 888 1396 1070">
     <span class='ocr_line' id='line_1_6' title="bbox 319 888 1396 969; baseline -0.003 -17"><span class='ocrx_word' id='word_1_28' title='bbox 319 893 414 953; x_wconf 83' lang='lat' dir='ltr'><strong>Auno</strong></span> <span class='ocrx_word' id='word_1_29' title='bbox 428 890 561 953; x_wconf 88' lang='lat' dir='ltr'><strong>Domini</strong></span> <span class='ocrx_word' id='word_1_30' title='bbox 576 889 726 968; x_wconf 77' lang='lat' dir='ltr'><strong>musclis,</strong></span> <span class='ocrx_word' id='word_1_31' title='bbox 737 896 827 954; x_wconf 82' lang='lat' dir='ltr'><strong>sexto</strong></span> <span class='ocrx_word' id='word_1_32' title='bbox 841 891 915 954; x_wconf 88' lang='lat' dir='ltr'><strong>idus</strong></span> <span class='ocrx_word' id='word_1_33' title='bbox 929 891 953 955; x_wconf 89' lang='lat' dir='ltr'><strong>J</strong></span> <span class='ocrx_word' id='word_1_34' title='bbox 954 891 1030 969; x_wconf 91' lang='lat' dir='ltr'><strong>ulii,</strong></span> <span class='ocrx_word' id='word_1_35' title='bbox 1044 891 1131 954; x_wconf 91' lang='lat' dir='ltr'><strong>obiit</strong></span> <span class='ocrx_word' id='word_1_36' title='bbox 1147 889 1306 954; x_wconf 78' lang='lat' dir='ltr'><strong>Dominus</strong></span> <span class='ocrx_word' id='word_1_37' title='bbox 1317 888 1396 950; x_wconf 82' lang='lat' dir='ltr'><strong>will.</strong></span> 
     </span>
     <span class='ocr_line' id='line_1_7' title="bbox 252 985 571 1070; baseline 0 -21"><span class='ocrx_word' id='word_1_38' title='bbox 252 989 329 1050; x_wconf 83' lang='lat' dir='ltr'><strong>hum</strong></span> <span class='ocrx_word' id='word_1_39' title='bbox 343 989 384 1049; x_wconf 86' lang='lat' dir='ltr'><strong>de</strong></span> <span class='ocrx_word' id='word_1_40' title='bbox 399 985 571 1070; x_wconf 78' lang='lat' dir='ltr'><strong>Grsystolr.</strong></span> 
     </span>
    </p>
   </div>
   <div class='ocr_carea' id='block_1_6' title="bbox 254 1190 1398 1352">
    <p class='ocr_par' dir='ltr' id='par_1_6' title="bbox 254 1190 1398 1352">
     <span class='ocr_line' id='line_1_8' title="bbox 322 1190 1398 1276; baseline -0.002 -22"><span class='ocrx_word' id='word_1_41' title='bbox 322 1193 409 1254; x_wconf 82' lang='lat' dir='ltr'><strong>Item</strong></span> <span class='ocrx_word' id='word_1_42' title='bbox 439 1214 497 1276; x_wconf 86' lang='lat' dir='ltr'><strong>pro</strong></span> <span class='ocrx_word' id='word_1_43' title='bbox 531 1193 641 1255; x_wconf 79' lang='lat' dir='ltr'><strong>anima</strong></span> <span class='ocrx_word' id='word_1_44' title='bbox 674 1190 800 1256; x_wconf 92' lang='lat' dir='ltr'><strong>domini</strong></span> <span class='ocrx_word' id='word_1_45' title='bbox 833 1193 936 1256; x_wconf 85' lang='lat' dir='ltr'><strong>chr.</strong></span> <span class='ocrx_word' id='word_1_46' title='bbox 967 1212 1010 1276; x_wconf 86' lang='lat' dir='ltr'><strong>sp</strong></span> <span class='ocrx_word' id='word_1_47' title='bbox 1042 1190 1189 1256; x_wconf 87' lang='lat' dir='ltr'><strong>Griffith.</strong></span> <span class='ocrx_word' id='word_1_48' title='bbox 1237 1191 1321 1254; x_wconf 76' lang='lat' dir='ltr'><strong>Item</strong></span> <span class='ocrx_word' id='word_1_49' title='bbox 1349 1211 1398 1274; x_wconf 91' lang='lat' dir='ltr'><strong>pro</strong></span> 
     </span>
     <span class='ocr_line' id='line_1_9' title="bbox 254 1289 536 1352; baseline 0.004 -1"><span class='ocrx_word' id='word_1_50' title='bbox 254 1290 364 1351; x_wconf 83' lang='lat' dir='ltr'><strong>nuims</strong></span> <span class='ocrx_word' id='word_1_51' title='bbox 380 1289 536 1352; x_wconf 70' lang='lat' dir='ltr'><strong>imbellis.</strong></span> 
     </span>
    </p>
   </div>
   <div class='ocr_carea' id='block_1_7' title="bbox 253 1479 1398 1660">
    <p class='ocr_par' dir='ltr' id='par_1_7' title="bbox 253 1479 1398 1660">
     <span class='ocr_line' id='line_1_10' title="bbox 321 1479 1398 1562; baseline -0.001 -20"><span class='ocrx_word' id='word_1_52' title='bbox 321 1483 416 1543; x_wconf 89' lang='lat' dir='ltr'><strong>Anno</strong></span> <span class='ocrx_word' id='word_1_53' title='bbox 431 1481 565 1543; x_wconf 92' lang='lat' dir='ltr'><strong>Domini</strong></span> <span class='ocrx_word' id='word_1_54' title='bbox 587 1481 766 1558; x_wconf 86' lang='lat' dir='ltr'><strong>mccclxxii,</strong></span> <span class='ocrx_word' id='word_1_55' title='bbox 781 1481 865 1543; x_wconf 93' lang='lat' dir='ltr'><strong>obiit</strong></span> <span class='ocrx_word' id='word_1_56' title='bbox 880 1479 1040 1543; x_wconf 87' lang='lat' dir='ltr'><strong>Robertus</strong></span> <span class='ocrx_word' id='word_1_57' title='bbox 1055 1480 1097 1544; x_wconf 84' lang='lat' dir='ltr'><strong>do</strong></span> <span class='ocrx_word' id='word_1_58' title='bbox 1114 1479 1264 1558; x_wconf 83' lang='lat' dir='ltr'><strong>Fcnwilr‚</strong></span> <span class='ocrx_word' id='word_1_59' title='bbox 1280 1480 1319 1543; x_wconf 85' lang='lat' dir='ltr'><strong>de</strong></span> <span class='ocrx_word' id='word_1_60' title='bbox 1341 1499 1398 1562; x_wconf 92' lang='lat' dir='ltr'><strong>quo</strong></span> 
     </span>
     <span class='ocr_line' id='line_1_11' title="bbox 253 1576 989 1660; baseline 0 -21"><span class='ocrx_word' id='word_1_61' title='bbox 253 1577 427 1640; x_wconf 79' lang='lat' dir='ltr'><strong>habuimus</strong></span> <span class='ocrx_word' id='word_1_62' title='bbox 442 1578 521 1640; x_wconf 80' lang='lat' dir='ltr'><strong>duas</strong></span> <span class='ocrx_word' id='word_1_63' title='bbox 531 1582 637 1660; x_wconf 66' lang='lat' dir='ltr'><strong>partes</strong></span> <span class='ocrx_word' id='word_1_64' title='bbox 652 1576 738 1640; x_wconf 80' lang='lat' dir='ltr'><strong>villae</strong></span> <span class='ocrx_word' id='word_1_65' title='bbox 752 1577 793 1640; x_wconf 87' lang='lat' dir='ltr'><strong>de</strong></span> <span class='ocrx_word' id='word_1_66' title='bbox 808 1578 989 1660; x_wconf 85' lang='lat' dir='ltr'><strong>Ydington.</strong></span> 
     </span>
    </p>
   </div>
   <div class='ocr_carea' id='block_1_8' title="bbox 254 1793 1400 1973">
    <p class='ocr_par' dir='ltr' id='par_1_8' title="bbox 146 1793 1400 1973">
     <span class='ocr_line' id='line_1_12' title="bbox 322 1793 1400 1876; baseline -0.002 -19.421"><span class='ocrx_word' id='word_1_67' title='bbox 322 1795 416 1857; x_wconf 80' lang='lat' dir='ltr'><strong>Anno</strong></span> <span class='ocrx_word' id='word_1_68' title='bbox 450 1794 583 1857; x_wconf 93' lang='lat' dir='ltr'><strong>Domini</strong></span> <span class='ocrx_word' id='word_1_69' title='bbox 615 1793 819 1872; x_wconf 82' lang='lat' dir='ltr'><strong>mccclxxvii,</strong></span> <span class='ocrx_word' id='word_1_70' title='bbox 848 1793 941 1869; x_wconf 80' lang='lat' dir='ltr'><strong>obiit,</strong></span> <span class='ocrx_word' id='word_1_71' title='bbox 970 1794 1037 1876; x_wconf 83' lang='lat' dir='ltr'><strong>piae</strong></span> <span class='ocrx_word' id='word_1_72' title='bbox 1066 1793 1247 1871; x_wconf 76' lang='lat' dir='ltr'><strong>memorius,</strong></span> <span class='ocrx_word' id='word_1_73' title='bbox 1276 1793 1400 1856; x_wconf 82' lang='lat' dir='ltr'><strong>domina</strong></span> 
     </span>
     <span class='ocr_line' id='line_1_13' title="bbox 254 1889 1400 1973; baseline -0.001 -20"><span class='ocrx_word' id='word_1_74' title='bbox 254 1889 404 1953; x_wconf 83' lang='lat' dir='ltr'><strong>Johnuus</strong></span> <span class='ocrx_word' id='word_1_75' title='bbox 425 1889 621 1973; x_wconf 69' lang='lat' dir='ltr'><strong>Somersylc‚</strong></span> <span class='ocrx_word' id='word_1_76' title='bbox 644 1896 757 1953; x_wconf 81' lang='lat' dir='ltr'><strong>octavo</strong></span> <span class='ocrx_word' id='word_1_77' title='bbox 778 1890 851 1953; x_wconf 91' lang='lat' dir='ltr'><strong>idus</strong></span> <span class='ocrx_word' id='word_1_78' title='bbox 872 1889 985 1953; x_wconf 91' lang='lat' dir='ltr'><strong>Octob.</strong></span> <span class='ocrx_word' id='word_1_79' title='bbox 1032 1889 1121 1952; x_wconf 69' lang='lat' dir='ltr'><strong>Item</strong></span> <span class='ocrx_word' id='word_1_80' title='bbox 1143 1889 1329 1951; x_wconf 85' lang='lat' dir='ltr'><strong>Willelmus</strong></span> <span class='ocrx_word' id='word_1_81' title='bbox 1350 1890 1400 1952; x_wconf 87' lang='lat' dir='ltr'><strong>So·</strong></span> 
     </span>
    </p>
   </div>
   <div class='ocr_carea' id='block_1_9' title="bbox 255 1985 1400 2064">
    <p class='ocr_par' dir='ltr' id='par_1_9' title="bbox 255 1985 1400 2064">
     <span class='ocr_line' id='line_1_14' title="bbox 255 1985 1400 2064; baseline 0 -17"><span class='ocrx_word' id='word_1_82' title='bbox 255 1987 399 2048; x_wconf 79' lang='lat' dir='ltr'><strong>mervile.</strong></span> <span class='ocrx_word' id='word_1_83' title='bbox 445 1986 532 2049; x_wconf 78' lang='lat' dir='ltr'><strong>item</strong></span> <span class='ocrx_word' id='word_1_84' title='bbox 580 1987 753 2064; x_wconf 79' lang='lat' dir='ltr'><strong>chricus,</strong></span> <span class='ocrx_word' id='word_1_85' title='bbox 791 1987 974 2062; x_wconf 84' lang='lat' dir='ltr'><strong>Nicholnus,</strong></span> <span class='ocrx_word' id='word_1_86' title='bbox 1020 1985 1198 2064; x_wconf 83' lang='lat' dir='ltr'><strong>Johannss,</strong></span> <span class='ocrx_word' id='word_1_87' title='bbox 1241 1985 1400 2062; x_wconf 78' lang='lat' dir='ltr'><strong>Ricardus,</strong></span> 
     </span>
    </p>
   </div>
   <div class='ocr_carea' id='block_1_10' title="bbox 188 2082 595 2147">
    <p class='ocr_par' dir='ltr' id='par_1_10' title="bbox 188 2082 595 2147">
     <span class='ocr_line' id='line_1_15' title="bbox 188 2082 595 2147; baseline 0.005 -3"><span class='ocrx_word' id='word_1_88' title='bbox 188 2108 194 2133; x_wconf 69' lang='grc' dir='ltr'><strong><em>ι</em></strong></span> <span class='ocrx_word' id='word_1_89' title='bbox 254 2084 394 2146; x_wconf 79' lang='lat' dir='ltr'><strong>Thomas</strong></span> <span class='ocrx_word' id='word_1_90' title='bbox 409 2082 595 2147; x_wconf 81' lang='lat' dir='ltr'><strong>Somerrilc.</strong></span> 
     </span>
    </p>
   </div>
   <div class='ocr_carea' id='block_1_11' title="bbox 257 2282 1398 2465">
    <p class='ocr_par' dir='ltr' id='par_1_11' title="bbox 257 2282 1398 2465">
     <span class='ocr_line' id='line_1_16' title="bbox 321 2282 1398 2362; baseline -0.002 -16"><span class='ocrx_word' id='word_1_91' title='bbox 321 2286 416 2346; x_wconf 87' lang='lat' dir='ltr'><strong>Auno</strong></span> <span class='ocrx_word' id='word_1_92' title='bbox 456 2284 589 2346; x_wconf 93' lang='lat' dir='ltr'><strong>Domini</strong></span> <span class='ocrx_word' id='word_1_93' title='bbox 628 2283 802 2362; x_wconf 87' lang='lat' dir='ltr'><strong>mccclxxx,</strong></span> <span class='ocrx_word' id='word_1_94' title='bbox 838 2285 921 2348; x_wconf 93' lang='lat' dir='ltr'><strong>obiit</strong></span> <span class='ocrx_word' id='word_1_95' title='bbox 961 2283 1111 2346; x_wconf 91' lang='lat' dir='ltr'><strong>dominus</strong></span> <span class='ocrx_word' id='word_1_96' title='bbox 1154 2283 1325 2348; x_wconf 88' lang='lat' dir='ltr'><strong>Gilbertus</strong></span> <span class='ocrx_word' id='word_1_97' title='bbox 1362 2282 1398 2344; x_wconf 88' lang='lat' dir='ltr'><strong>ds</strong></span> 
     </span>
     <span class='ocr_line' id='line_1_17' title="bbox 257 2381 1171 2465; baseline -0.002 -21"><span class='ocrx_word' id='word_1_98' title='bbox 257 2381 496 2457; x_wconf 77' lang='lat' dir='ltr'><strong>Umlrumrille,</strong></span> <span class='ocrx_word' id='word_1_99' title='bbox 510 2401 616 2445; x_wconf 73' lang='lat' dir='ltr'><strong>comos</strong></span> <span class='ocrx_word' id='word_1_100' title='bbox 630 2382 780 2465; x_wconf 74' lang='lat' dir='ltr'><strong>d’hngos,</strong></span> <span class='ocrx_word' id='word_1_101' title='bbox 795 2383 852 2464; x_wconf 93' lang='lat' dir='ltr'><strong>qui</strong></span> <span class='ocrx_word' id='word_1_102' title='bbox 866 2381 956 2444; x_wconf 83' lang='lat' dir='ltr'><strong>dedit</strong></span> <span class='ocrx_word' id='word_1_103' title='bbox 970 2381 1064 2443; x_wconf 88' lang='lat' dir='ltr'><strong>nobis</strong></span> <span class='ocrx_word' id='word_1_104' title='bbox 1078 2402 1119 2443; x_wconf 82' lang='lat' dir='ltr'><strong>xx</strong></span> <span class='ocrx_word' id='word_1_105' title='bbox 1136 2381 1171 2443; x_wconf 93' lang='lat' dir='ltr'><strong>li.</strong></span> 
     </span>
    </p>
   </div>
   <div class='ocr_carea' id='block_1_12' title="bbox 255 2580 1396 2761">
    <p class='ocr_par' dir='ltr' id='par_1_12' title="bbox 255 2580 1396 2761">
     <span class='ocr_line' id='line_1_18' title="bbox 322 2580 1396 2659; baseline -0.002 -15"><span class='ocrx_word' id='word_1_106' title='bbox 322 2583 416 2644; x_wconf 80' lang='lat' dir='ltr'><strong>Anno</strong></span> <span class='ocrx_word' id='word_1_107' title='bbox 446 2582 578 2644; x_wconf 91' lang='lat' dir='ltr'><strong>Domini</strong></span> <span class='ocrx_word' id='word_1_108' title='bbox 610 2582 788 2658; x_wconf 85' lang='lat' dir='ltr'><strong>mccccxiii‚</strong></span> <span class='ocrx_word' id='word_1_109' title='bbox 814 2602 898 2645; x_wconf 92' lang='lat' dir='ltr'><strong>nono</strong></span> <span class='ocrx_word' id='word_1_110' title='bbox 928 2580 993 2644; x_wconf 86' lang='lat' dir='ltr'><strong>kal.</strong></span> <span class='ocrx_word' id='word_1_111' title='bbox 1024 2580 1121 2659; x_wconf 83' lang='lat' dir='ltr'><strong>Maii,</strong></span> <span class='ocrx_word' id='word_1_112' title='bbox 1151 2582 1238 2645; x_wconf 89' lang='lat' dir='ltr'><strong>obiit</strong></span> <span class='ocrx_word' id='word_1_113' title='bbox 1272 2581 1396 2645; x_wconf 84' lang='lat' dir='ltr'><strong>domina</strong></span> 
     </span>
     <span class='ocr_line' id='line_1_19' title="bbox 255 2677 859 2761; baseline -0.003 -18"><span class='ocrx_word' id='word_1_114' title='bbox 255 2678 440 2756; x_wconf 76' lang='lat' dir='ltr'><strong>catherina,</strong></span> <span class='ocrx_word' id='word_1_115' title='bbox 456 2679 619 2741; x_wconf 80' lang='lat' dir='ltr'><strong>baronisss</strong></span> <span class='ocrx_word' id='word_1_116' title='bbox 632 2677 673 2741; x_wconf 87' lang='lat' dir='ltr'><strong>de</strong></span> <span class='ocrx_word' id='word_1_117' title='bbox 688 2677 859 2761; x_wconf 82' lang='lat' dir='ltr'><strong>Graystolr.</strong></span> 
     </span>
    </p>
   </div>
   <div class='ocr_carea' id='block_1_13' title="bbox 256 2877 1396 3058">
    <p class='ocr_par' dir='ltr' id='par_1_13' title="bbox 256 2877 1396 3058">
     <span class='ocr_line' id='line_1_20' title="bbox 320 2877 1396 2962; baseline -0.002 -21"><span class='ocrx_word' id='word_1_118' title='bbox 320 2880 413 2942; x_wconf 81' lang='lat' dir='ltr'><strong>Anno</strong></span> <span class='ocrx_word' id='word_1_119' title='bbox 435 2878 567 2941; x_wconf 91' lang='lat' dir='ltr'><strong>Domini</strong></span> <span class='ocrx_word' id='word_1_120' title='bbox 589 2880 761 2955; x_wconf 83' lang='lat' dir='ltr'><strong>mccccxvi,</strong></span> <span class='ocrx_word' id='word_1_121' title='bbox 776 2878 860 2941; x_wconf 91' lang='lat' dir='ltr'><strong>obiit</strong></span> <span class='ocrx_word' id='word_1_122' title='bbox 875 2877 1025 2941; x_wconf 89' lang='lat' dir='ltr'><strong>dominus</strong></span> <span class='ocrx_word' id='word_1_123' title='bbox 1048 2877 1242 2962; x_wconf 82' lang='lat' dir='ltr'><strong>Radulphus</strong></span> <span class='ocrx_word' id='word_1_124' title='bbox 1264 2877 1396 2942; x_wconf 77' lang='lat' dir='ltr'><strong>horode</strong></span> 
     </span>
     <span class='ocr_line' id='line_1_21' title="bbox 256 2972 1124 3058; baseline -0.002 -21"><span class='ocrx_word' id='word_1_125' title='bbox 256 2975 409 3051; x_wconf 82' lang='lat' dir='ltr'><strong>Grastok,</strong></span> <span class='ocrx_word' id='word_1_126' title='bbox 423 2977 480 3057; x_wconf 91' lang='lat' dir='ltr'><strong>qui</strong></span> <span class='ocrx_word' id='word_1_127' title='bbox 496 2975 588 3038; x_wconf 87' lang='lat' dir='ltr'><strong>dedit</strong></span> <span class='ocrx_word' id='word_1_128' title='bbox 601 2974 695 3037; x_wconf 91' lang='lat' dir='ltr'><strong>nobis</strong></span> <span class='ocrx_word' id='word_1_129' title='bbox 710 2995 752 3037; x_wconf 82' lang='lat' dir='ltr'><strong>xx</strong></span> <span class='ocrx_word' id='word_1_130' title='bbox 768 2975 803 3038; x_wconf 91' lang='lat' dir='ltr'><strong>li.</strong></span> <span class='ocrx_word' id='word_1_131' title='bbox 820 2975 860 3038; x_wconf 85' lang='lat' dir='ltr'><strong>sd</strong></span> <span class='ocrx_word' id='word_1_132' title='bbox 876 2995 955 3058; x_wconf 91' lang='lat' dir='ltr'><strong>opus</strong></span> <span class='ocrx_word' id='word_1_133' title='bbox 970 2972 1124 3038; x_wconf 83' lang='lat' dir='ltr'><strong>ecclcsiae.</strong></span> 
     </span>
    </p>
   </div>
   <div class='ocr_carea' id='block_1_14' title="bbox 255 3176 1401 3820">
    <p class='ocr_par' dir='ltr' id='par_1_14' title="bbox 255 3176 1401 3820">
     <span class='ocr_line' id='line_1_22' title="bbox 321 3176 1398 3259; baseline -0.003 -18"><span class='ocrx_word' id='word_1_134' title='bbox 321 3181 415 3242; x_wconf 83' lang='lat' dir='ltr'><strong>Anno</strong></span> <span class='ocrx_word' id='word_1_135' title='bbox 438 3178 570 3240; x_wconf 90' lang='lat' dir='ltr'><strong>Domini</strong></span> <span class='ocrx_word' id='word_1_136' title='bbox 594 3179 786 3256; x_wconf 82' lang='lat' dir='ltr'><strong>mccccxxix,</strong></span> <span class='ocrx_word' id='word_1_137' title='bbox 807 3178 842 3240; x_wconf 92' lang='lat' dir='ltr'><strong>in</strong></span> <span class='ocrx_word' id='word_1_138' title='bbox 865 3177 1004 3241; x_wconf 78' lang='lat' dir='ltr'><strong>crastino</strong></span> <span class='ocrx_word' id='word_1_139' title='bbox 1026 3176 1303 3259; x_wconf 75' lang='lat' dir='ltr'><strong>circumcisionis,</strong></span> <span class='ocrx_word' id='word_1_140' title='bbox 1322 3178 1398 3241; x_wconf 91' lang='lat' dir='ltr'><strong>obiit</strong></span> 
     </span>
     <span class='ocr_line' id='line_1_23' title="bbox 256 3273 1399 3358; baseline -0.001 -20"><span class='ocrx_word' id='word_1_141' title='bbox 256 3277 400 3358; x_wconf 86' lang='lat' dir='ltr'><strong>Rogerus</strong></span> <span class='ocrx_word' id='word_1_142' title='bbox 431 3276 471 3336; x_wconf 82' lang='lat' dir='ltr'><strong>de</strong></span> <span class='ocrx_word' id='word_1_143' title='bbox 509 3275 684 3351; x_wconf 68' lang='lat' dir='ltr'><strong>lhomton</strong></span> <span class='ocrx_word' id='word_1_144' title='bbox 712 3273 880 3356; x_wconf 83' lang='lat' dir='ltr'><strong>burgensis</strong></span> <span class='ocrx_word' id='word_1_145' title='bbox 913 3274 999 3336; x_wconf 85' lang='lat' dir='ltr'><strong>villae</strong></span> <span class='ocrx_word' id='word_1_146' title='bbox 1029 3273 1114 3336; x_wconf 81' lang='lat' dir='ltr'><strong>Nori</strong></span> <span class='ocrx_word' id='word_1_147' title='bbox 1146 3274 1265 3353; x_wconf 76' lang='lat' dir='ltr'><strong>castri,</strong></span> <span class='ocrx_word' id='word_1_148' title='bbox 1288 3281 1321 3338; x_wconf 85' lang='lat' dir='ltr'><strong>ct</strong></span> <span class='ocrx_word' id='word_1_149' title='bbox 1346 3275 1399 3337; x_wconf 86' lang='lat' dir='ltr'><strong>do·</strong></span> 
     </span>
     <span class='ocr_line' id='line_1_24' title="bbox 255 3370 1401 3452; baseline -0.003 -18"><span class='ocrx_word' id='word_1_150' title='bbox 255 3375 361 3434; x_wconf 89' lang='lat' dir='ltr'><strong>minus</strong></span> <span class='ocrx_word' id='word_1_151' title='bbox 376 3372 416 3433; x_wconf 88' lang='lat' dir='ltr'><strong>de</strong></span> <span class='ocrx_word' id='word_1_152' title='bbox 432 3372 570 3445; x_wconf 74' lang='lat' dir='ltr'><strong>wilton,</strong></span> <span class='ocrx_word' id='word_1_153' title='bbox 585 3371 641 3452; x_wconf 92' lang='lat' dir='ltr'><strong>qui</strong></span> <span class='ocrx_word' id='word_1_154' title='bbox 657 3376 799 3432; x_wconf 76' lang='lat' dir='ltr'><strong>castrum</strong></span> <span class='ocrx_word' id='word_1_155' title='bbox 813 3370 937 3433; x_wconf 83' lang='lat' dir='ltr'><strong>ibidem</strong></span> <span class='ocrx_word' id='word_1_156' title='bbox 951 3371 1143 3449; x_wconf 79' lang='lat' dir='ltr'><strong>construxit,</strong></span> <span class='ocrx_word' id='word_1_157' title='bbox 1156 3376 1192 3433; x_wconf 84' lang='lat' dir='ltr'><strong>ct</strong></span> <span class='ocrx_word' id='word_1_158' title='bbox 1206 3371 1300 3434; x_wconf 84' lang='lat' dir='ltr'><strong>dedit</strong></span> <span class='ocrx_word' id='word_1_159' title='bbox 1313 3371 1401 3434; x_wconf 91' lang='lat' dir='ltr'><strong>nohis</strong></span> 
     </span>
     <span class='ocr_line' id='line_1_25' title="bbox 256 3466 1399 3551; baseline 0 -21"><span class='ocrx_word' id='word_1_160' title='bbox 256 3469 423 3551; x_wconf 90' lang='lat' dir='ltr'><strong>plumbum</strong></span> <span class='ocrx_word' id='word_1_161' title='bbox 438 3487 502 3549; x_wconf 92' lang='lat' dir='ltr'><strong>quo</strong></span> <span class='ocrx_word' id='word_1_162' title='bbox 517 3467 661 3548; x_wconf 82' lang='lat' dir='ltr'><strong>operit-ur</strong></span> <span class='ocrx_word' id='word_1_163' title='bbox 675 3468 766 3529; x_wconf 80' lang='lat' dir='ltr'><strong>navis</strong></span> <span class='ocrx_word' id='word_1_164' title='bbox 785 3466 926 3529; x_wconf 81' lang='lat' dir='ltr'><strong>ecclesiae</strong></span> <span class='ocrx_word' id='word_1_165' title='bbox 941 3470 1078 3540; x_wconf 81' lang='lat' dir='ltr'><strong>nostrae3</strong></span> <span class='ocrx_word' id='word_1_166' title='bbox 1105 3486 1163 3548; x_wconf 91' lang='lat' dir='ltr'><strong>pro</strong></span> <span class='ocrx_word' id='word_1_167' title='bbox 1185 3487 1251 3549; x_wconf 93' lang='lat' dir='ltr'><strong>quo</strong></span> <span class='ocrx_word' id='word_1_168' title='bbox 1268 3467 1399 3551; x_wconf 62' lang='lat' dir='ltr'><strong>Rogas,</strong></span> 
     </span>
     <span class='ocr_line' id='line_1_26' title="bbox 255 3562 1400 3647; baseline 0 -20"><span class='ocrx_word' id='word_1_169' title='bbox 255 3573 288 3627; x_wconf 86' lang='lat' dir='ltr'><strong>et</strong></span> <span class='ocrx_word' id='word_1_170' title='bbox 319 3567 444 3647; x_wconf 83' lang='lat' dir='ltr'><strong>Agnetc</strong></span> <span class='ocrx_word' id='word_1_171' title='bbox 479 3584 575 3625; x_wconf 81' lang='lat' dir='ltr'><strong>uxore</strong></span> <span class='ocrx_word' id='word_1_172' title='bbox 605 3562 759 3644; x_wconf 81' lang='lat' dir='ltr'><strong>ejusdem,</strong></span> <span class='ocrx_word' id='word_1_173' title='bbox 787 3567 822 3625; x_wconf 84' lang='lat' dir='ltr'><strong>ct</strong></span> <span class='ocrx_word' id='word_1_174' title='bbox 852 3562 972 3640; x_wconf 72' lang='lat' dir='ltr'><strong>liberis,</strong></span> <span class='ocrx_word' id='word_1_175' title='bbox 1001 3562 1142 3624; x_wconf 86' lang='lat' dir='ltr'><strong>dicimus</strong></span> <span class='ocrx_word' id='word_1_176' title='bbox 1177 3563 1400 3645; x_wconf 79' lang='lat' dir='ltr'><strong>quotidianum</strong></span> 
     </span>
     <span class='ocr_line' id='line_1_27' title="bbox 255 3657 1400 3743; baseline 0 -21"><span class='ocrx_word' id='word_1_177' title='bbox 255 3663 384 3723; x_wconf 82' lang='lat' dir='ltr'><strong>missam</strong></span> <span class='ocrx_word' id='word_1_178' title='bbox 400 3661 502 3722; x_wconf 83' lang='lat' dir='ltr'><strong>beutae</strong></span> <span class='ocrx_word' id='word_1_179' title='bbox 518 3659 674 3741; x_wconf 78' lang='lat' dir='ltr'><strong>Virginis,</strong></span> <span class='ocrx_word' id='word_1_180' title='bbox 686 3663 719 3721; x_wconf 88' lang='lat' dir='ltr'><strong>et</strong></span> <span class='ocrx_word' id='word_1_181' title='bbox 734 3659 832 3720; x_wconf 79' lang='lat' dir='ltr'><strong>aliam</strong></span> <span class='ocrx_word' id='word_1_182' title='bbox 847 3660 977 3720; x_wconf 83' lang='lat' dir='ltr'><strong>missam</strong></span> <span class='ocrx_word' id='word_1_183' title='bbox 992 3678 1050 3741; x_wconf 88' lang='lat' dir='ltr'><strong>pro</strong></span> <span class='ocrx_word' id='word_1_184' title='bbox 1061 3657 1236 3737; x_wconf 84' lang='lat' dir='ltr'><strong>defunctis,</strong></span> <span class='ocrx_word' id='word_1_185' title='bbox 1246 3665 1283 3723; x_wconf 86' lang='lat' dir='ltr'><strong>et</strong></span> <span class='ocrx_word' id='word_1_186' title='bbox 1292 3659 1400 3743; x_wconf 78' lang='lat' dir='ltr'><strong>jacent</strong></span> 
     </span>
     <span class='ocr_line' id='line_1_28' title="bbox 256 3754 1127 3820; baseline 0 -2"><span class='ocrx_word' id='word_1_187' title='bbox 256 3760 290 3819; x_wconf 92' lang='lat' dir='ltr'><strong>in</strong></span> <span class='ocrx_word' id='word_1_188' title='bbox 306 3757 439 3820; x_wconf 84' lang='lat' dir='ltr'><strong>ecclesia</strong></span> <span class='ocrx_word' id='word_1_189' title='bbox 454 3756 610 3820; x_wconf 91' lang='lat' dir='ltr'><strong>Omnium</strong></span> <span class='ocrx_word' id='word_1_190' title='bbox 626 3754 819 3817; x_wconf 80' lang='lat' dir='ltr'><strong>Sanctorum</strong></span> <span class='ocrx_word' id='word_1_191' title='bbox 834 3756 868 3817; x_wconf 90' lang='lat' dir='ltr'><strong>in</strong></span> <span class='ocrx_word' id='word_1_192' title='bbox 885 3755 976 3818; x_wconf 90' lang='lat' dir='ltr'><strong>Novo</strong></span> <span class='ocrx_word' id='word_1_193' title='bbox 993 3754 1127 3818; x_wconf 71' lang='lat' dir='ltr'><strong>Castro.¹</strong></span> 
     </span>
    </p>
   </div>
   <div class='ocr_carea' id='block_1_15' title="bbox 256 3944 1409 4496">
    <p class='ocr_par' dir='ltr' id='par_1_15' title="bbox 256 3944 1405 4097">
     <span class='ocr_line' id='line_1_29' title="bbox 310 3944 1404 4019; baseline 0 -16"><span class='ocrx_word' id='word_1_194' title='bbox 310 3953 318 3983; x_wconf 91' lang='lat'>¹</span> <span class='ocrx_word' id='word_1_195' title='bbox 339 3952 366 4003; x_wconf 76' lang='lat' dir='ltr'>A</span> <span class='ocrx_word' id='word_1_196' title='bbox 379 3948 488 4002; x_wconf 84' lang='lat' dir='ltr'><strong>modern</strong></span> <span class='ocrx_word' id='word_1_197' title='bbox 507 3945 662 4017; x_wconf 79' lang='lat' dir='ltr'><strong>inscription</strong></span> <span class='ocrx_word' id='word_1_198' title='bbox 680 3946 704 4000; x_wconf 91' lang='lat' dir='ltr'><strong>is</strong></span> <span class='ocrx_word' id='word_1_199' title='bbox 716 3944 847 4017; x_wconf 78' lang='lat' dir='ltr'><strong>supposed</strong></span> <span class='ocrx_word' id='word_1_200' title='bbox 861 3952 889 3999; x_wconf 88' lang='lat' dir='ltr'><strong>to</strong></span> <span class='ocrx_word' id='word_1_201' title='bbox 908 3946 984 4000; x_wconf 84' lang='lat' dir='ltr'><strong>murlr</strong></span> <span class='ocrx_word' id='word_1_202' title='bbox 997 3947 1045 4002; x_wconf 82' lang='lat' dir='ltr'><strong>tho</strong></span> <span class='ocrx_word' id='word_1_203' title='bbox 1061 3953 1140 4019; x_wconf 71' lang='lat' dir='ltr'><strong>spot,</strong></span> <span class='ocrx_word' id='word_1_204' title='bbox 1158 3947 1216 4002; x_wconf 76' lang='lat' dir='ltr'><strong>also</strong></span> <span class='ocrx_word' id='word_1_205' title='bbox 1234 3948 1300 4003; x_wconf 82' lang='lat' dir='ltr'><strong>thot</strong></span> <span class='ocrx_word' id='word_1_206' title='bbox 1314 3949 1346 4003; x_wconf 87' lang='lat' dir='ltr'><strong>ol</strong></span> <span class='ocrx_word' id='word_1_207' title='bbox 1360 3949 1404 4003; x_wconf 83' lang='lat' dir='ltr'><strong>tho</strong></span> 
     </span>
     <span class='ocr_line' id='line_1_30' title="bbox 256 4023 1405 4097; baseline -0.002 -13"><span class='ocrx_word' id='word_1_208' title='bbox 256 4030 343 4084; x_wconf 83' lang='lat' dir='ltr'><strong>burisl</strong></span> <span class='ocrx_word' id='word_1_209' title='bbox 355 4027 387 4081; x_wconf 86' lang='lat' dir='ltr'><strong>ol</strong></span> <span class='ocrx_word' id='word_1_210' title='bbox 396 4027 441 4081; x_wconf 88' lang='lat' dir='ltr'><strong>Sir</strong></span> <span class='ocrx_word' id='word_1_211' title='bbox 451 4025 542 4096; x_wconf 92' lang='lat' dir='ltr'><strong>Philip</strong></span> <span class='ocrx_word' id='word_1_212' title='bbox 555 4024 713 4079; x_wconf 80' lang='lat' dir='ltr'><strong>Somervills</strong></span> <span class='ocrx_word' id='word_1_213' title='bbox 724 4024 769 4079; x_wconf 90' lang='lat' dir='ltr'><strong>his</strong></span> <span class='ocrx_word' id='word_1_214' title='bbox 780 4023 889 4079; x_wconf 82' lang='lat' dir='ltr'><strong>brother</strong></span> <span class='ocrx_word' id='word_1_215' title='bbox 899 4025 952 4079; x_wconf 84' lang='lat' dir='ltr'><strong>sud</strong></span> <span class='ocrx_word' id='word_1_216' title='bbox 965 4025 1033 4095; x_wconf 79' lang='lat' dir='ltr'><strong>heir,</strong></span> <span class='ocrx_word' id='word_1_217' title='bbox 1044 4026 1106 4080; x_wconf 84' lang='lat' dir='ltr'><strong>who</strong></span> <span class='ocrx_word' id='word_1_218' title='bbox 1119 4025 1182 4080; x_wconf 82' lang='lat' dir='ltr'><strong>diod</strong></span> <span class='ocrx_word' id='word_1_219' title='bbox 1193 4026 1256 4081; x_wconf 82' lang='lat' dir='ltr'><strong>an.</strong></span> <span class='ocrx_word' id='word_1_220' title='bbox 1269 4029 1317 4097; x_wconf 80' lang='lat'><strong>23,</strong></span> <span class='ocrx_word' id='word_1_221' title='bbox 1330 4030 1405 4082; x_wconf 75' lang='lat'>1354.</span> 
     </span>
    </p>

    <p class='ocr_par' dir='ltr' id='par_1_16' title="bbox 256 4102 1409 4496">
     <span class='ocr_line' id='line_1_31' title="bbox 310 4102 1405 4177; baseline 0.002 -17"><span class='ocrx_word' id='word_1_222' title='bbox 310 4109 320 4139; x_wconf 80' lang='lat'>²</span> <span class='ocrx_word' id='word_1_223' title='bbox 338 4108 396 4160; x_wconf 82' lang='lat' dir='ltr'><strong>The</strong></span> <span class='ocrx_word' id='word_1_224' title='bbox 414 4104 536 4177; x_wconf 80' lang='lat' dir='ltr'><strong>splendid</strong></span> <span class='ocrx_word' id='word_1_225' title='bbox 554 4103 630 4158; x_wconf 80' lang='lat' dir='ltr'><strong>bross</strong></span> <span class='ocrx_word' id='word_1_226' title='bbox 647 4103 678 4157; x_wconf 85' lang='lat' dir='ltr'><strong>of</strong></span> <span class='ocrx_word' id='word_1_227' title='bbox 694 4103 785 4173; x_wconf 76' lang='lat' dir='ltr'><strong>Roget</strong></span> <span class='ocrx_word' id='word_1_228' title='bbox 801 4102 941 4158; x_wconf 77' lang='lat' dir='ltr'><strong>Thomton</strong></span> <span class='ocrx_word' id='word_1_229' title='bbox 956 4104 1009 4159; x_wconf 86' lang='lat' dir='ltr'><strong>und</strong></span> <span class='ocrx_word' id='word_1_230' title='bbox 1027 4104 1070 4158; x_wconf 86' lang='lat' dir='ltr'><strong>his</strong></span> <span class='ocrx_word' id='word_1_231' title='bbox 1081 4105 1155 4171; x_wconf 80' lang='lat' dir='ltr'><strong>wife,</strong></span> <span class='ocrx_word' id='word_1_232' title='bbox 1167 4105 1260 4161; x_wconf 85' lang='lat' dir='ltr'><strong>which</strong></span> <span class='ocrx_word' id='word_1_233' title='bbox 1274 4125 1332 4162; x_wconf 78' lang='lat' dir='ltr'><strong>was</strong></span> <span class='ocrx_word' id='word_1_234' title='bbox 1346 4125 1405 4162; x_wconf 87' lang='lat' dir='ltr'><strong>ons</strong></span> 
     </span>
     <span class='ocr_line' id='line_1_32' title="bbox 256 4180 1406 4257; baseline 0.002 -19"><span class='ocrx_word' id='word_1_235' title='bbox 256 4187 322 4256; x_wconf 76' lang='lat' dir='ltr'><strong>high</strong></span> <span class='ocrx_word' id='word_1_236' title='bbox 334 4184 410 4239; x_wconf 90' lang='lat' dir='ltr'><strong>tomb</strong></span> <span class='ocrx_word' id='word_1_237' title='bbox 422 4185 450 4238; x_wconf 91' lang='lat' dir='ltr'><strong>iu</strong></span> <span class='ocrx_word' id='word_1_238' title='bbox 462 4184 509 4238; x_wconf 84' lang='lat' dir='ltr'><strong>tho</strong></span> <span class='ocrx_word' id='word_1_239' title='bbox 522 4182 568 4237; x_wconf 93' lang='lat' dir='ltr'><strong>old</strong></span> <span class='ocrx_word' id='word_1_240' title='bbox 581 4182 681 4237; x_wconf 87' lang='lat' dir='ltr'><strong>churoh</strong></span> <span class='ocrx_word' id='word_1_241' title='bbox 693 4181 725 4236; x_wconf 86' lang='lat' dir='ltr'><strong>ol&#39;</strong></span> <span class='ocrx_word' id='word_1_242' title='bbox 734 4181 783 4235; x_wconf 87' lang='lat' dir='ltr'><strong>All</strong></span> <span class='ocrx_word' id='word_1_243' title='bbox 796 4180 897 4249; x_wconf 82' lang='lat' dir='ltr'><strong>Suints,</strong></span> <span class='ocrx_word' id='word_1_244' title='bbox 909 4182 933 4236; x_wconf 91' lang='lat' dir='ltr'><strong>is</strong></span> <span class='ocrx_word' id='word_1_245' title='bbox 944 4183 1085 4254; x_wconf 84' lang='lat' dir='ltr'><strong>proscrvsd</strong></span> <span class='ocrx_word' id='word_1_246' title='bbox 1103 4183 1132 4237; x_wconf 92' lang='lat' dir='ltr'><strong>in</strong></span> <span class='ocrx_word' id='word_1_247' title='bbox 1150 4183 1198 4239; x_wconf 82' lang='lat' dir='ltr'><strong>tho</strong></span> <span class='ocrx_word' id='word_1_248' title='bbox 1210 4192 1303 4257; x_wconf 81' lang='lat' dir='ltr'><strong>vcstry</strong></span> <span class='ocrx_word' id='word_1_249' title='bbox 1316 4187 1348 4241; x_wconf 82' lang='lat' dir='ltr'><strong>ol</strong></span> <span class='ocrx_word' id='word_1_250' title='bbox 1362 4187 1406 4240; x_wconf 80' lang='lat' dir='ltr'><strong>tho</strong></span> 
     </span>
     <span class='ocr_line' id='line_1_33' title="bbox 257 4260 1407 4335; baseline 0.004 -20"><span class='ocrx_word' id='word_1_251' title='bbox 257 4270 362 4335; x_wconf 78' lang='lat' dir='ltr'><strong>present</strong></span> <span class='ocrx_word' id='word_1_252' title='bbox 380 4263 489 4318; x_wconf 87' lang='lat' dir='ltr'><strong>church.</strong></span> <span class='ocrx_word' id='word_1_253' title='bbox 525 4261 591 4315; x_wconf 87' lang='lat' dir='ltr'><strong>This</strong></span> <span class='ocrx_word' id='word_1_254' title='bbox 608 4268 685 4330; x_wconf 76' lang='lat' dir='ltr'><strong>grsst</strong></span> <span class='ocrx_word' id='word_1_255' title='bbox 701 4260 841 4314; x_wconf 83' lang='lat' dir='ltr'><strong>morchunt</strong></span> <span class='ocrx_word' id='word_1_256' title='bbox 852 4260 952 4331; x_wconf 84' lang='lat' dir='ltr'><strong>priuos,</strong></span> <span class='ocrx_word' id='word_1_257' title='bbox 964 4261 992 4315; x_wconf 93' lang='lat' dir='ltr'><strong>iu</strong></span> <span class='ocrx_word' id='word_1_258' title='bbox 1003 4261 1180 4334; x_wconf 85' lang='lat' dir='ltr'><strong>conjunctiou</strong></span> <span class='ocrx_word' id='word_1_259' title='bbox 1193 4262 1261 4317; x_wconf 83' lang='lat' dir='ltr'><strong>with</strong></span> <span class='ocrx_word' id='word_1_260' title='bbox 1273 4266 1407 4320; x_wconf 74' lang='lat' dir='ltr'><strong>alumnus</strong></span> 
     </span>
     <span class='ocr_line' id='line_1_34' title="bbox 257 4339 1409 4412; baseline 0.004 -17"><span class='ocrx_word' id='word_1_261' title='bbox 257 4344 366 4412; x_wconf 76' lang='lat' dir='ltr'><strong>luwyor,</strong></span> <span class='ocrx_word' id='word_1_262' title='bbox 380 4342 482 4396; x_wconf 81' lang='lat' dir='ltr'><strong>Robort</strong></span> <span class='ocrx_word' id='word_1_263' title='bbox 494 4341 594 4409; x_wconf 85' lang='lat' dir='ltr'><strong>Rodss,</strong></span> <span class='ocrx_word' id='word_1_264' title='bbox 605 4339 676 4394; x_wconf 90' lang='lat' dir='ltr'><strong>built</strong></span> <span class='ocrx_word' id='word_1_265' title='bbox 688 4340 735 4395; x_wconf 83' lang='lat' dir='ltr'><strong>tho</strong></span> <span class='ocrx_word' id='word_1_266' title='bbox 747 4340 801 4394; x_wconf 87' lang='lat' dir='ltr'><strong>fins</strong></span> <span class='ocrx_word' id='word_1_267' title='bbox 813 4345 899 4394; x_wconf 85' lang='lat' dir='ltr'><strong>tower</strong></span> <span class='ocrx_word' id='word_1_268' title='bbox 910 4341 941 4394; x_wconf 86' lang='lat' dir='ltr'><strong>of</strong></span> <span class='ocrx_word' id='word_1_269' title='bbox 955 4341 995 4395; x_wconf 81' lang='lat' dir='ltr'><strong>St</strong></span> <span class='ocrx_word' id='word_1_270' title='bbox 1009 4341 1146 4410; x_wconf 74' lang='lat' dir='ltr'><strong>Nicholrs,</strong></span> <span class='ocrx_word' id='word_1_271' title='bbox 1156 4343 1210 4398; x_wconf 83' lang='lat' dir='ltr'><strong>sud</strong></span> <span class='ocrx_word' id='word_1_272' title='bbox 1227 4344 1275 4399; x_wconf 87' lang='lat' dir='ltr'><strong>tho</strong></span> <span class='ocrx_word' id='word_1_273' title='bbox 1293 4363 1366 4400; x_wconf 76' lang='lat' dir='ltr'><strong>arms</strong></span> <span class='ocrx_word' id='word_1_274' title='bbox 1379 4346 1409 4400; x_wconf 83' lang='lat' dir='ltr'><strong>oi</strong></span> 
     </span>
     <span class='ocr_line' id='line_1_35' title="bbox 256 4418 1408 4496; baseline 0.008 -25"><span class='ocrx_word' id='word_1_275' title='bbox 256 4420 322 4472; x_wconf 92' lang='lat' dir='ltr'><strong>both</strong></span> <span class='ocrx_word' id='word_1_276' title='bbox 339 4420 413 4474; x_wconf 80' lang='lat' dir='ltr'><strong>thess</strong></span> <span class='ocrx_word' id='word_1_277' title='bbox 429 4437 473 4474; x_wconf 86' lang='lat' dir='ltr'><strong>ors</strong></span> <span class='ocrx_word' id='word_1_278' title='bbox 490 4426 518 4472; x_wconf 88' lang='lat' dir='ltr'><strong>to</strong></span> <span class='ocrx_word' id='word_1_279' title='bbox 535 4419 568 4474; x_wconf 85' lang='lat' dir='ltr'><strong>bs</strong></span> <span class='ocrx_word' id='word_1_280' title='bbox 584 4437 646 4474; x_wconf 88' lang='lat' dir='ltr'><strong>sssn</strong></span> <span class='ocrx_word' id='word_1_281' title='bbox 663 4437 698 4473; x_wconf 92' lang='lat' dir='ltr'><strong>ou</strong></span> <span class='ocrx_word' id='word_1_282' title='bbox 714 4436 731 4473; x_wconf 80' lang='lat' dir='ltr'><strong>s</strong></span> <span class='ocrx_word' id='word_1_283' title='bbox 746 4418 800 4474; x_wconf 83' lang='lat' dir='ltr'><strong>boll</strong></span> <span class='ocrx_word' id='word_1_284' title='bbox 816 4425 847 4474; x_wconf 80' lang='lat' dir='ltr'><strong>st</strong></span> <span class='ocrx_word' id='word_1_285' title='bbox 863 4419 1014 4489; x_wconf 76' lang='lat' dir='ltr'><strong>Scdgolield</strong></span> <span class='ocrx_word' id='word_1_286' title='bbox 1030 4420 1141 4489; x_wconf 86' lang='lat' dir='ltr'><strong>church‚</strong></span> <span class='ocrx_word' id='word_1_287' title='bbox 1152 4437 1194 4477; x_wconf 85' lang='lat' dir='ltr'><strong>co.</strong></span> <span class='ocrx_word' id='word_1_288' title='bbox 1206 4423 1262 4496; x_wconf 76' lang='lat' dir='ltr'><strong>psl.</strong></span> <span class='ocrx_word' id='word_1_289' title='bbox 1275 4423 1408 4491; x_wconf 80' lang='lat' dir='ltr'><strong>Durhnm,</strong></span> 
     </span>
    </p>
   </div>
   <div class='ocr_carea' id='block_1_16' title="bbox 0 0 1480 5048">
    <p class='ocr_par' dir='ltr' id='par_1_17' title="bbox 0 0 1480 5048">
     <span class='ocr_line' id='line_1_36' title="bbox 0 0 1480 5048; baseline 0 0"><span class='ocrx_word' id='word_1_290' title='bbox 0 0 1480 5048; x_wconf 95' lang='lat' dir='ltr'><strong> </strong></span> 
     </span>
    </p>
   </div>
  </div>
 </body>
</html>
