<?xml version="1.0" encoding="UTF-8"?>
<!DOCTYPE html PUBLIC "-//W3C//DTD XHTML 1.0 Transitional//EN"
    "http://www.w3.org/TR/xhtml1/DTD/xhtml1-transitional.dtd">
<html xmlns="http://www.w3.org/1999/xhtml" xml:lang="en" lang="en">
 <head>
  <title>
</title>
<meta http-equiv="Content-Type" content="text/html;charset=utf-8" />
  <meta name='ocr-system' content='tesseract 3.04.00' />
  <meta name='ocr-capabilities' content='ocr_page ocr_carea ocr_par ocr_line ocrx_word'/>
</head>
<body>
  <div class='ocr_page' id='page_1' title='image "./chartulariumabb00fowlgoog_0054.png"; bbox 0 0 2940 5048; ppageno 0'>
   <div class='ocr_carea' id='block_1_1' title="bbox 424 320 1384 399">
    <p class='ocr_par' dir='ltr' id='par_1_1' title="bbox 424 320 1384 399">
     <span class='ocr_line' id='line_1_1' title="bbox 424 320 1384 399; baseline -0.007 -1"><span class='ocrx_word' id='word_1_1' title='bbox 424 345 472 398; x_wconf 87' lang='lat' dir='ltr'>nn</span> <span class='ocrx_word' id='word_1_2' title='bbox 496 346 592 399; x_wconf 84' lang='lat' dir='ltr'>novo</span> <span class='ocrx_word' id='word_1_3' title='bbox 616 345 853 399; x_wconf 79' lang='lat' dir='ltr'>uonssrnmo.</span> <span class='ocrx_word' id='word_1_4' title='bbox 1337 320 1384 392; x_wconf 86' lang='lat'>21</span> 
     </span>
    </p>
   </div>
   <div class='ocr_carea' id='block_1_2' title="bbox 54 511 1380 1175">
    <p class='ocr_par' dir='ltr' id='par_1_2' title="bbox 54 511 1380 1175">
     <span class='ocr_line' id='line_1_2' title="bbox 56 511 1327 598; baseline 0 -23"><span class='ocrx_word' id='word_1_5' title='bbox 56 511 249 578; x_wconf 74' lang='lat' dir='ltr'><strong>donaciones</strong></span> <span class='ocrx_word' id='word_1_6' title='bbox 269 521 507 579; x_wconf 82' lang='lat' dir='ltr'>antecessorum</span> <span class='ocrx_word' id='word_1_7' title='bbox 529 535 683 590; x_wconf 87' lang='lat' dir='ltr'>meorum,</span> <span class='ocrx_word' id='word_1_8' title='bbox 699 514 835 590; x_wconf 87' lang='lat' dir='ltr'>scilieet,</span> <span class='ocrx_word' id='word_1_9' title='bbox 850 515 1021 598; x_wconf 80' lang='lat' dir='ltr'><strong>grangiam</strong></span> <span class='ocrx_word' id='word_1_10' title='bbox 1040 513 1080 576; x_wconf 89' lang='lat' dir='ltr'>de</span> <span class='ocrx_word' id='word_1_11' title='bbox 1096 512 1210 576; x_wconf 86' lang='lat' dir='ltr'>Sobar-</span> <span class='ocrx_word' id='word_1_12' title='bbox 1234 519 1287 569; x_wconf 78' lang='lat' dir='ltr'>tion</span> <span class='ocrx_word' id='word_1_13' title='bbox 1299 519 1327 568; x_wconf 80' lang='lat' dir='ltr'>or</span> 
     </span>
     <span class='ocr_line' id='line_1_3' title="bbox 56 585 1363 715; baseline -0.003 -41"><span class='ocrx_word' id='word_1_14' title='bbox 56 611 150 692; x_wconf 88' lang='lat' dir='ltr'>pelau</span> <span class='ocrx_word' id='word_1_15' title='bbox 161 632 240 674; x_wconf 90' lang='lat' dir='ltr'>cum</span> <span class='ocrx_word' id='word_1_16' title='bbox 255 613 405 675; x_wconf 86' lang='lat' dir='ltr'>omnibus</span> <span class='ocrx_word' id='word_1_17' title='bbox 423 613 633 696; x_wconf 82' lang='lat' dir='ltr'>pertinenciis</span> <span class='ocrx_word' id='word_1_18' title='bbox 648 612 714 673; x_wconf 90' lang='lat' dir='ltr'>suis</span> <span class='ocrx_word' id='word_1_19' title='bbox 729 615 763 674; x_wconf 92' lang='lat' dir='ltr'>et</span> <span class='ocrx_word' id='word_1_20' title='bbox 785 632 860 674; x_wconf 91' lang='lat' dir='ltr'>cum</span> <span class='ocrx_word' id='word_1_21' title='bbox 877 611 1025 673; x_wconf 91' lang='lat' dir='ltr'>omnibus</span> <span class='ocrx_word' id='word_1_22' title='bbox 1048 610 1210 672; x_wconf 86' lang='lat' dir='ltr'>libertati·</span> <span class='ocrx_word' id='word_1_23' title='bbox 1234 585 1363 715; x_wconf 53' lang='lat' dir='ltr'>{ffla&#39;</span> 
     </span>
     <span class='ocr_line' id='line_1_4' title="bbox 56 687 1334 789; baseline -0.004 -20"><span class='ocrx_word' id='word_1_24' title='bbox 56 707 113 769; x_wconf 90' lang='lat' dir='ltr'>bus</span> <span class='ocrx_word' id='word_1_25' title='bbox 128 716 165 770; x_wconf 86' lang='lat' dir='ltr'>et</span> <span class='ocrx_word' id='word_1_26' title='bbox 179 711 370 771; x_wconf 91' lang='lat' dir='ltr'>asiamentis</span> <span class='ocrx_word' id='word_1_27' title='bbox 385 708 476 771; x_wconf 90' lang='lat' dir='ltr'>sicud</span> <span class='ocrx_word' id='word_1_28' title='bbox 490 707 617 789; x_wconf 86' lang='lat' dir='ltr'>plenius</span> <span class='ocrx_word' id='word_1_29' title='bbox 639 711 674 769; x_wconf 89' lang='lat' dir='ltr'>et</span> <span class='ocrx_word' id='word_1_30' title='bbox 696 706 811 769; x_wconf 91' lang='lat' dir='ltr'>melius</span> <span class='ocrx_word' id='word_1_31' title='bbox 834 708 869 768; x_wconf 91' lang='lat' dir='ltr'>in</span> <span class='ocrx_word' id='word_1_32' title='bbox 892 711 981 768; x_wconf 87' lang='lat' dir='ltr'>carta</span> <span class='ocrx_word' id='word_1_33' title='bbox 994 705 1152 768; x_wconf 88' lang='lat' dir='ltr'>Willelmi</span> <span class='ocrx_word' id='word_1_34' title='bbox 1169 705 1209 766; x_wconf 87' lang='lat' dir='ltr'>de</span> <span class='ocrx_word' id='word_1_35' title='bbox 1234 725 1288 774; x_wconf 74' lang='lat' dir='ltr'>stc,</span> <span class='ocrx_word' id='word_1_36' title='bbox 1301 687 1334 779; x_wconf 78' lang='lat' dir='ltr'>by’</span> 
     </span>
     <span class='ocr_line' id='line_1_5' title="bbox 56 781 1360 899; baseline -0.003 -34"><span class='ocrx_word' id='word_1_37' title='bbox 56 801 197 885; x_wconf 81' lang='lat' dir='ltr'>Coyners</span> <span class='ocrx_word' id='word_1_38' title='bbox 221 806 332 886; x_wconf 81' lang='lat' dir='ltr'>proavi</span> <span class='ocrx_word' id='word_1_39' title='bbox 357 805 424 866; x_wconf 91' lang='lat' dir='ltr'>mei</span> <span class='ocrx_word' id='word_1_40' title='bbox 453 809 486 866; x_wconf 91' lang='lat' dir='ltr'>et</span> <span class='ocrx_word' id='word_1_41' title='bbox 516 803 764 865; x_wconf 84' lang='lat' dir='ltr'>confirmacione</span> <span class='ocrx_word' id='word_1_42' title='bbox 794 803 896 884; x_wconf 89' lang='lat' dir='ltr'>patris</span> <span class='ocrx_word' id='word_1_43' title='bbox 926 804 990 864; x_wconf 89' lang='lat' dir='ltr'>mei</span> <span class='ocrx_word' id='word_1_44' title='bbox 1014 804 1208 864; x_wconf 81' lang='lat' dir='ltr'>continetur.</span> <span class='ocrx_word' id='word_1_45' title='bbox 1234 781 1360 899; x_wconf 46' lang='lat'>&amp;522⁰</span> 
     </span>
     <span class='ocr_line' id='line_1_6' title="bbox 57 865 1380 981; baseline -0.002 -21"><span class='ocrx_word' id='word_1_46' title='bbox 57 896 207 961; x_wconf 73' lang='lat' dir='ltr'>concessi</span> <span class='ocrx_word' id='word_1_47' title='bbox 221 902 327 962; x_wconf 87' lang='lat' dir='ltr'>eciam</span> <span class='ocrx_word' id='word_1_48' title='bbox 349 900 471 962; x_wconf 84' lang='lat' dir='ltr'>eisdem</span> <span class='ocrx_word' id='word_1_49' title='bbox 492 900 659 962; x_wconf 90' lang='lat' dir='ltr'>monachis</span> <span class='ocrx_word' id='word_1_50' title='bbox 682 905 812 981; x_wconf 88' lang='lat' dir='ltr'>pratum</span> <span class='ocrx_word' id='word_1_51' title='bbox 827 899 971 960; x_wconf 87' lang='lat' dir='ltr'>clausum</span> <span class='ocrx_word' id='word_1_52' title='bbox 989 899 1084 981; x_wconf 87' lang='lat' dir='ltr'>juxta</span> <span class='ocrx_word' id='word_1_53' title='bbox 1099 899 1210 960; x_wconf 90' lang='lat' dir='ltr'>domos</span> <span class='ocrx_word' id='word_1_54' title='bbox 1234 865 1380 976; x_wconf 64' lang='lat' dir='ltr'>saltora</span> 
     </span>
     <span class='ocr_line' id='line_1_7' title="bbox 54 993 1306 1078; baseline -0.001 -22"><span class='ocrx_word' id='word_1_55' title='bbox 54 1015 128 1056; x_wconf 87' lang='lat' dir='ltr'>suas</span> <span class='ocrx_word' id='word_1_56' title='bbox 158 1015 198 1057; x_wconf 90' lang='lat' dir='ltr'>ex</span> <span class='ocrx_word' id='word_1_57' title='bbox 223 995 418 1059; x_wconf 89' lang='lat' dir='ltr'>occidentali</span> <span class='ocrx_word' id='word_1_58' title='bbox 441 1002 533 1078; x_wconf 88' lang='lat' dir='ltr'>parte</span> <span class='ocrx_word' id='word_1_59' title='bbox 555 995 603 1078; x_wconf 79' lang='lat' dir='ltr'>j&#39;³‚</span> <span class='ocrx_word' id='word_1_60' title='bbox 627 1016 697 1078; x_wconf 84' lang='lat' dir='ltr'>quae</span> <span class='ocrx_word' id='word_1_61' title='bbox 722 996 887 1057; x_wconf 84' lang='lat' dir='ltr'>occasione</span> <span class='ocrx_word' id='word_1_62' title='bbox 913 995 995 1056; x_wconf 88' lang='lat' dir='ltr'>dicti</span> <span class='ocrx_word' id='word_1_63' title='bbox 1020 994 1119 1056; x_wconf 90' lang='lat' dir='ltr'>clausi</span> <span class='ocrx_word' id='word_1_64' title='bbox 1144 1014 1207 1062; x_wconf 90' lang='lat' dir='ltr'>non</span> <span class='ocrx_word' id='word_1_65' title='bbox 1233 993 1306 1043; x_wconf 76' lang='lat' dir='ltr'>close.</span> 
     </span>
     <span class='ocr_line' id='line_1_8' title="bbox 55 1091 1208 1175; baseline 0.001 -23"><span class='ocrx_word' id='word_1_66' title='bbox 55 1091 250 1153; x_wconf 86' lang='lat' dir='ltr'>cambuntur</span> <span class='ocrx_word' id='word_1_67' title='bbox 272 1112 332 1155; x_wconf 88' lang='lat' dir='ltr'>nec</span> <span class='ocrx_word' id='word_1_68' title='bbox 354 1113 412 1175; x_wconf 91' lang='lat' dir='ltr'>per</span> <span class='ocrx_word' id='word_1_69' title='bbox 433 1113 486 1154; x_wconf 91' lang='lat' dir='ltr'>me</span> <span class='ocrx_word' id='word_1_70' title='bbox 511 1112 571 1154; x_wconf 89' lang='lat' dir='ltr'>nec</span> <span class='ocrx_word' id='word_1_71' title='bbox 598 1112 655 1173; x_wconf 91' lang='lat' dir='ltr'>per</span> <span class='ocrx_word' id='word_1_72' title='bbox 677 1091 811 1154; x_wconf 85' lang='lat' dir='ltr'>heredes</span> <span class='ocrx_word' id='word_1_73' title='bbox 834 1111 922 1153; x_wconf 88' lang='lat' dir='ltr'>meos</span> <span class='ocrx_word' id='word_1_74' title='bbox 947 1093 984 1153; x_wconf 92' lang='lat' dir='ltr'>in</span> <span class='ocrx_word' id='word_1_75' title='bbox 1006 1097 1208 1172; x_wconf 81' lang='lat' dir='ltr'>perpetuum.</span> 
     </span>
    </p>
   </div>
   <div class='ocr_carea' id='block_1_3' title="bbox 55 1186 1209 1346">
    <p class='ocr_par' dir='ltr' id='par_1_3' title="bbox 55 1186 1209 1346">
     <span class='ocr_line' id='line_1_9' title="bbox 56 1186 1209 1270; baseline 0 -22"><span class='ocrx_word' id='word_1_76' title='bbox 56 1187 135 1248; x_wconf 72' lang='lat' dir='ltr'>Haeo</span> <span class='ocrx_word' id='word_1_77' title='bbox 160 1190 282 1266; x_wconf 88' lang='lat' dir='ltr'>omnia,</span> <span class='ocrx_word' id='word_1_78' title='bbox 297 1192 372 1264; x_wconf 67' lang='lat' dir='ltr'>etc„</span> <span class='ocrx_word' id='word_1_79' title='bbox 393 1208 450 1270; x_wconf 86' lang='lat' dir='ltr'>pro</span> <span class='ocrx_word' id='word_1_80' title='bbox 477 1208 529 1250; x_wconf 91' lang='lat' dir='ltr'>me</span> <span class='ocrx_word' id='word_1_81' title='bbox 553 1195 588 1250; x_wconf 90' lang='lat' dir='ltr'>et</span> <span class='ocrx_word' id='word_1_82' title='bbox 612 1188 783 1250; x_wconf 83' lang='lat' dir='ltr'>heredibus</span> <span class='ocrx_word' id='word_1_83' title='bbox 809 1188 892 1249; x_wconf 89' lang='lat' dir='ltr'>meis</span> <span class='ocrx_word' id='word_1_84' title='bbox 917 1186 1105 1249; x_wconf 88' lang='lat' dir='ltr'>confirmavi</span> <span class='ocrx_word' id='word_1_85' title='bbox 1128 1206 1209 1268; x_wconf 85' lang='lat' dir='ltr'>prae-</span> 
     </span>
     <span class='ocr_line' id='line_1_10' title="bbox 55 1283 164 1346; baseline 0.009 -1"><span class='ocrx_word' id='word_1_86' title='bbox 55 1283 164 1346; x_wconf 87' lang='lat' dir='ltr'>dictis.</span> 
     </span>
    </p>
   </div>
   <div class='ocr_carea' id='block_1_4' title="bbox 122 1472 1318 1556">
    <p class='ocr_par' dir='ltr' id='par_1_4' title="bbox 122 1472 1318 1556">
     <span class='ocr_line' id='line_1_11' title="bbox 122 1472 1318 1556; baseline -0.002 -19"><span class='ocrx_word' id='word_1_87' title='bbox 122 1472 294 1549; x_wconf 85' lang='lat' dir='ltr'>Omnibus,</span> <span class='ocrx_word' id='word_1_88' title='bbox 310 1479 373 1538; x_wconf 87' lang='lat' dir='ltr'>eto.</span> <span class='ocrx_word' id='word_1_89' title='bbox 395 1474 579 1537; x_wconf 89' lang='lat' dir='ltr'>Willelmus</span> <span class='ocrx_word' id='word_1_90' title='bbox 595 1474 635 1537; x_wconf 89' lang='lat' dir='ltr'>de</span> <span class='ocrx_word' id='word_1_91' title='bbox 658 1473 796 1556; x_wconf 86' lang='lat' dir='ltr'>Coyners</span> <span class='ocrx_word' id='word_1_92' title='bbox 820 1473 907 1537; x_wconf 89' lang='lat' dir='ltr'>filius</span> <span class='ocrx_word' id='word_1_93' title='bbox 923 1473 1057 1537; x_wconf 87' lang='lat' dir='ltr'>Henrici</span> <span class='ocrx_word' id='word_1_94' title='bbox 1070 1475 1110 1536; x_wconf 89' lang='lat' dir='ltr'>de</span> <span class='ocrx_word' id='word_1_95' title='bbox 1127 1473 1208 1555; x_wconf 87' lang='lat' dir='ltr'>Coy-</span> <span class='ocrx_word' id='word_1_96' title='bbox 1300 1496 1318 1528; x_wconf 90' lang='lat' dir='ltr'>v</span> 
     </span>
    </p>
   </div>
   <div class='ocr_carea' id='block_1_5' title="bbox 53 1546 1345 1660">
    <p class='ocr_par' dir='ltr' id='par_1_5' title="bbox 53 1546 1345 1660">
     <span class='ocr_line' id='line_1_12' title="bbox 53 1546 1345 1660; baseline 0.003 -29"><span class='ocrx_word' id='word_1_97' title='bbox 53 1589 140 1644; x_wconf 88' lang='lat' dir='ltr'>ners,</span> <span class='ocrx_word' id='word_1_98' title='bbox 156 1569 306 1632; x_wconf 88' lang='lat' dir='ltr'>salutem.</span> <span class='ocrx_word' id='word_1_99' title='bbox 352 1571 470 1634; x_wconf 87' lang='lat' dir='ltr'>Sciatis</span> <span class='ocrx_word' id='word_1_100' title='bbox 485 1592 538 1633; x_wconf 90' lang='lat' dir='ltr'>me</span> <span class='ocrx_word' id='word_1_101' title='bbox 554 1573 728 1654; x_wconf 83' lang='lat' dir='ltr'>inspexisse</span> <span class='ocrx_word' id='word_1_102' title='bbox 745 1577 867 1633; x_wconf 80' lang='lat' dir='ltr'>cartam</span> <span class='ocrx_word' id='word_1_103' title='bbox 877 1572 1109 1633; x_wconf 89' lang='lat' dir='ltr'>monachorum</span> <span class='ocrx_word' id='word_1_104' title='bbox 1123 1572 1206 1632; x_wconf 93' lang='lat' dir='ltr'>Novi</span> <span class='ocrx_word' id='word_1_105' title='bbox 1232 1546 1345 1660; x_wconf 54' lang='lat' dir='ltr'>ffiffl</span> 
     </span>
    </p>
   </div>
   <div class='ocr_carea' id='block_1_6' title="bbox 55 1665 1363 1748">
    <p class='ocr_par' dir='ltr' id='par_1_6' title="bbox 55 1665 1363 1748">
     <span class='ocr_line' id='line_1_13' title="bbox 55 1665 1363 1748; baseline -0.001 -21"><span class='ocrx_word' id='word_1_106' title='bbox 55 1665 250 1727; x_wconf 87' lang='lat' dir='ltr'>Monasterii</span> <span class='ocrx_word' id='word_1_107' title='bbox 268 1665 308 1728; x_wconf 89' lang='lat' dir='ltr'>de</span> <span class='ocrx_word' id='word_1_108' title='bbox 324 1671 411 1728; x_wconf 85' lang='lat' dir='ltr'>terra</span> <span class='ocrx_word' id='word_1_109' title='bbox 432 1666 474 1728; x_wconf 91' lang='lat' dir='ltr'>de</span> <span class='ocrx_word' id='word_1_110' title='bbox 497 1666 710 1748; x_wconf 86' lang='lat' dir='ltr'>Soharplavve,</span> <span class='ocrx_word' id='word_1_111' title='bbox 726 1687 824 1748; x_wconf 91' lang='lat' dir='ltr'>quam</span> <span class='ocrx_word' id='word_1_112' title='bbox 847 1667 892 1728; x_wconf 89' lang='lat' dir='ltr'>eis</span> <span class='ocrx_word' id='word_1_113' title='bbox 915 1667 1006 1728; x_wconf 91' lang='lat' dir='ltr'>dedit</span> <span class='ocrx_word' id='word_1_114' title='bbox 1024 1665 1207 1732; x_wconf 82' lang='lat' dir='ltr'>willelmus</span> <span class='ocrx_word' id='word_1_115' title='bbox 1232 1678 1363 1741; x_wconf 76' lang='lat' dir='ltr'>Sharplaw</span> 
     </span>
    </p>
   </div>
   <div class='ocr_carea' id='block_1_7' title="bbox 56 1743 1383 1873">
    <p class='ocr_par' dir='ltr' id='par_1_7' title="bbox 56 1743 1383 1873">
     <span class='ocr_line' id='line_1_14' title="bbox 56 1743 1383 1873; baseline 0.004 -49"><span class='ocrx_word' id='word_1_116' title='bbox 56 1761 197 1843; x_wconf 82' lang='lat' dir='ltr'>Coyners</span> <span class='ocrx_word' id='word_1_117' title='bbox 212 1782 291 1824; x_wconf 87' lang='lat' dir='ltr'>avus</span> <span class='ocrx_word' id='word_1_118' title='bbox 305 1783 396 1825; x_wconf 91' lang='lat' dir='ltr'>meus</span> <span class='ocrx_word' id='word_1_119' title='bbox 414 1763 449 1824; x_wconf 92' lang='lat' dir='ltr'>in</span> <span class='ocrx_word' id='word_1_120' title='bbox 464 1764 662 1826; x_wconf 82' lang='lat' dir='ltr'>escambium</span> <span class='ocrx_word' id='word_1_121' title='bbox 678 1769 771 1826; x_wconf 86' lang='lat' dir='ltr'>terrae</span> <span class='ocrx_word' id='word_1_122' title='bbox 786 1784 883 1845; x_wconf 92' lang='lat' dir='ltr'>quam</span> <span class='ocrx_word' id='word_1_123' title='bbox 906 1763 1079 1843; x_wconf 91' lang='lat' dir='ltr'>aliquando</span> <span class='ocrx_word' id='word_1_124' title='bbox 1095 1769 1208 1824; x_wconf 88' lang='lat' dir='ltr'>tenue-</span> <span class='ocrx_word' id='word_1_125' title='bbox 1232 1743 1343 1873; x_wconf 51' lang='lat' dir='ltr'>{Wff</span> <span class='ocrx_word' id='word_1_126' title='bbox 1352 1810 1383 1857; x_wconf 75' lang='lat'>‹10</span> 
     </span>
    </p>
   </div>
   <div class='ocr_carea' id='block_1_8' title="bbox 30 1857 1349 2516">
    <p class='ocr_par' dir='ltr' id='par_1_8' title="bbox 30 1857 1349 2516">
     <span class='ocr_line' id='line_1_15' title="bbox 54 1857 1349 1941; baseline 0.004 -21"><span class='ocrx_word' id='word_1_127' title='bbox 54 1864 134 1920; x_wconf 89' lang='lat' dir='ltr'>runt</span> <span class='ocrx_word' id='word_1_128' title='bbox 142 1859 180 1920; x_wconf 94' lang='lat' dir='ltr'>in</span> <span class='ocrx_word' id='word_1_129' title='bbox 192 1857 270 1919; x_wconf 91' lang='lat' dir='ltr'>villa</span> <span class='ocrx_word' id='word_1_130' title='bbox 281 1858 322 1920; x_wconf 92' lang='lat' dir='ltr'>de</span> <span class='ocrx_word' id='word_1_131' title='bbox 335 1858 468 1933; x_wconf 84' lang='lat' dir='ltr'>Clifton‚</span> <span class='ocrx_word' id='word_1_132' title='bbox 479 1859 570 1941; x_wconf 89' lang='lat' dir='ltr'>cujus</span> <span class='ocrx_word' id='word_1_133' title='bbox 581 1866 679 1920; x_wconf 86' lang='lat' dir='ltr'>oartae</span> <span class='ocrx_word' id='word_1_134' title='bbox 688 1860 756 1921; x_wconf 81' lang='lat' dir='ltr'>haec</span> <span class='ocrx_word' id='word_1_135' title='bbox 768 1867 845 1920; x_wconf 91' lang='lat' dir='ltr'>sunt</span> <span class='ocrx_word' id='word_1_136' title='bbox 855 1859 960 1935; x_wconf 90' lang='lat' dir='ltr'>verba,</span> <span class='ocrx_word' id='word_1_137' title='bbox 968 1858 1125 1921; x_wconf 90' lang='lat' dir='ltr'>Omnibus</span> <span class='ocrx_word' id='word_1_138' title='bbox 1134 1865 1208 1932; x_wconf 75' lang='lat' dir='ltr'>eto,</span> <span class='ocrx_word' id='word_1_139' title='bbox 1234 1876 1349 1939; x_wconf 75' lang='lat' dir='ltr'>Conyers.</span> 
     </span>
     <span class='ocr_line' id='line_1_16' title="bbox 55 1953 1209 2038; baseline 0 -22"><span class='ocrx_word' id='word_1_140' title='bbox 55 1956 207 2016; x_wconf 83' lang='lat' dir='ltr'>recitans.</span> <span class='ocrx_word' id='word_1_141' title='bbox 246 1953 427 2018; x_wconf 80' lang='lat' dir='ltr'>Secundam</span> <span class='ocrx_word' id='word_1_142' title='bbox 448 1961 570 2016; x_wconf 90' lang='lat' dir='ltr'>cartam</span> <span class='ocrx_word' id='word_1_143' title='bbox 586 1955 626 2016; x_wconf 91' lang='lat' dir='ltr'>de</span> <span class='ocrx_word' id='word_1_144' title='bbox 643 1955 738 2017; x_wconf 90' lang='lat' dir='ltr'>verbo</span> <span class='ocrx_word' id='word_1_145' title='bbox 757 1956 791 2016; x_wconf 92' lang='lat' dir='ltr'>in</span> <span class='ocrx_word' id='word_1_146' title='bbox 816 1954 913 2016; x_wconf 89' lang='lat' dir='ltr'>verbo</span> <span class='ocrx_word' id='word_1_147' title='bbox 929 1956 964 2015; x_wconf 92' lang='lat' dir='ltr'>in</span> <span class='ocrx_word' id='word_1_148' title='bbox 982 1955 1114 2016; x_wconf 87' lang='lat' dir='ltr'>verbum</span> <span class='ocrx_word' id='word_1_149' title='bbox 1128 1953 1209 2038; x_wconf 77' lang='lat' dir='ltr'>(aio)</span> 
     </span>
     <span class='ocr_line' id='line_1_17' title="bbox 54 2051 1209 2133; baseline -0.002 -19"><span class='ocrx_word' id='word_1_150' title='bbox 54 2057 91 2114; x_wconf 88' lang='lat' dir='ltr'>et</span> <span class='ocrx_word' id='word_1_151' title='bbox 106 2064 262 2133; x_wconf 80' lang='lat' dir='ltr'>praeterea</span> <span class='ocrx_word' id='word_1_152' title='bbox 276 2051 369 2129; x_wconf 88' lang='lat' dir='ltr'>dicit,</span> <span class='ocrx_word' id='word_1_153' title='bbox 392 2051 486 2113; x_wconf 89' lang='lat' dir='ltr'>Hanc</span> <span class='ocrx_word' id='word_1_154' title='bbox 501 2058 624 2113; x_wconf 85' lang='lat' dir='ltr'>cartam</span> <span class='ocrx_word' id='word_1_155' title='bbox 648 2054 923 2133; x_wconf 88' lang='lat' dir='ltr'>suprascriptam,</span> <span class='ocrx_word' id='word_1_156' title='bbox 939 2051 1074 2127; x_wconf 89' lang='lat' dir='ltr'>scilicet,</span> <span class='ocrx_word' id='word_1_157' title='bbox 1089 2051 1209 2113; x_wconf 90' lang='lat' dir='ltr'>donum</span> 
     </span>
     <span class='ocr_line' id='line_1_18' title="bbox 55 2146 1211 2231; baseline -0.001 -23"><span class='ocrx_word' id='word_1_158' title='bbox 55 2147 207 2231; x_wconf 80' lang='lat' dir='ltr'>praedicti</span> <span class='ocrx_word' id='word_1_159' title='bbox 220 2146 380 2209; x_wconf 90' lang='lat' dir='ltr'>Willelmi</span> <span class='ocrx_word' id='word_1_160' title='bbox 396 2147 436 2209; x_wconf 87' lang='lat' dir='ltr'>de</span> <span class='ocrx_word' id='word_1_161' title='bbox 452 2146 591 2229; x_wconf 84' lang='lat' dir='ltr'>Coyners</span> <span class='ocrx_word' id='word_1_162' title='bbox 614 2149 667 2209; x_wconf 91' lang='lat' dir='ltr'>avi</span> <span class='ocrx_word' id='word_1_163' title='bbox 688 2149 754 2209; x_wconf 91' lang='lat' dir='ltr'>mei</span> <span class='ocrx_word' id='word_1_164' title='bbox 778 2167 852 2208; x_wconf 90' lang='lat' dir='ltr'>cum</span> <span class='ocrx_word' id='word_1_165' title='bbox 873 2147 1023 2208; x_wconf 89' lang='lat' dir='ltr'>omnibus</span> <span class='ocrx_word' id='word_1_166' title='bbox 1045 2150 1211 2228; x_wconf 86' lang='lat' dir='ltr'>pertinen-</span> 
     </span>
     <span class='ocr_line' id='line_1_19' title="bbox 55 2243 1210 2325; baseline -0.002 -20"><span class='ocrx_word' id='word_1_167' title='bbox 55 2245 117 2306; x_wconf 86' lang='lat' dir='ltr'>ciis</span> <span class='ocrx_word' id='word_1_168' title='bbox 132 2244 247 2305; x_wconf 88' lang='lat' dir='ltr'>suiset</span> <span class='ocrx_word' id='word_1_169' title='bbox 262 2263 338 2305; x_wconf 88' lang='lat' dir='ltr'>oum</span> <span class='ocrx_word' id='word_1_170' title='bbox 353 2243 501 2306; x_wconf 86' lang='lat' dir='ltr'>omnibus</span> <span class='ocrx_word' id='word_1_171' title='bbox 516 2243 723 2305; x_wconf 87' lang='lat' dir='ltr'>libertatibus</span> <span class='ocrx_word' id='word_1_172' title='bbox 746 2250 780 2304; x_wconf 92' lang='lat' dir='ltr'>et</span> <span class='ocrx_word' id='word_1_173' title='bbox 794 2244 983 2304; x_wconf 84' lang='lat' dir='ltr'>asiamentis</span> <span class='ocrx_word' id='word_1_174' title='bbox 1005 2244 1038 2304; x_wconf 93' lang='lat' dir='ltr'>in</span> <span class='ocrx_word' id='word_1_175' title='bbox 1056 2245 1210 2325; x_wconf 87' lang='lat' dir='ltr'>praedicta</span> 
     </span>
     <span class='ocr_line' id='line_1_20' title="bbox 55 2337 1208 2421; baseline -0.001 -21"><span class='ocrx_word' id='word_1_176' title='bbox 55 2346 147 2400; x_wconf 75' lang='lat' dir='ltr'>cama</span> <span class='ocrx_word' id='word_1_177' title='bbox 161 2339 350 2413; x_wconf 89' lang='lat' dir='ltr'>nominatis,</span> <span class='ocrx_word' id='word_1_178' title='bbox 365 2346 400 2401; x_wconf 91' lang='lat' dir='ltr'>et</span> <span class='ocrx_word' id='word_1_179' title='bbox 415 2338 591 2401; x_wconf 86' lang='lat' dir='ltr'>secundum</span> <span class='ocrx_word' id='word_1_180' title='bbox 607 2345 752 2401; x_wconf 89' lang='lat' dir='ltr'>tenorem</span> <span class='ocrx_word' id='word_1_181' title='bbox 767 2337 912 2420; x_wconf 88' lang='lat' dir='ltr'>ejusdem</span> <span class='ocrx_word' id='word_1_182' title='bbox 927 2345 1036 2413; x_wconf 79' lang='lat' dir='ltr'>cartae,</span> <span class='ocrx_word' id='word_1_183' title='bbox 1052 2361 1111 2421; x_wconf 88' lang='lat' dir='ltr'>ego</span> <span class='ocrx_word' id='word_1_184' title='bbox 1128 2338 1208 2399; x_wconf 83' lang='lat' dir='ltr'>Wil-</span> 
     </span>
     <span class='ocr_line' id='line_1_21' title="bbox 30 2433 1210 2516; baseline -0.001 -19"><span class='ocrx_word' id='word_1_185' title='bbox 30 2471 32 2474; x_wconf 40' lang='lat'><em>⁴</em></span> <span class='ocrx_word' id='word_1_186' title='bbox 56 2435 176 2498; x_wconf 89' lang='lat' dir='ltr'>lelmus</span> <span class='ocrx_word' id='word_1_187' title='bbox 191 2435 232 2497; x_wconf 90' lang='lat' dir='ltr'>de</span> <span class='ocrx_word' id='word_1_188' title='bbox 248 2433 387 2516; x_wconf 83' lang='lat' dir='ltr'>Coyners</span> <span class='ocrx_word' id='word_1_189' title='bbox 403 2434 490 2496; x_wconf 87' lang='lat' dir='ltr'>filius</span> <span class='ocrx_word' id='word_1_190' title='bbox 506 2434 643 2496; x_wconf 90' lang='lat' dir='ltr'>Henrioi</span> <span class='ocrx_word' id='word_1_191' title='bbox 658 2435 698 2495; x_wconf 90' lang='lat' dir='ltr'>de</span> <span class='ocrx_word' id='word_1_192' title='bbox 714 2433 851 2516; x_wconf 83' lang='lat' dir='ltr'>Coyners</span> <span class='ocrx_word' id='word_1_193' title='bbox 868 2442 1000 2498; x_wconf 74' lang='lat' dir='ltr'>conset</span> <span class='ocrx_word' id='word_1_194' title='bbox 1015 2455 1104 2516; x_wconf 64' lang='lat' dir='ltr'>praes.</span> <span class='ocrx_word' id='word_1_195' title='bbox 1121 2442 1210 2496; x_wconf 88' lang='lat' dir='ltr'>carta</span> 
     </span>
    </p>
   </div>
   <div class='ocr_carea' id='block_1_9' title="bbox 55 2528 1382 3969">
    <p class='ocr_par' dir='ltr' id='par_1_9' title="bbox 55 2528 1370 3093">
     <span class='ocr_line' id='line_1_22' title="bbox 55 2528 1209 2616; baseline -0.001 -23"><span class='ocrx_word' id='word_1_196' title='bbox 55 2552 131 2593; x_wconf 86' lang='lat' dir='ltr'>mea</span> <span class='ocrx_word' id='word_1_197' title='bbox 145 2528 221 2616; x_wconf 77' lang='lat' dir='ltr'>(ab)</span> <span class='ocrx_word' id='word_1_198' title='bbox 241 2530 429 2592; x_wconf 90' lang='lat' dir='ltr'>confirmavi</span> <span class='ocrx_word' id='word_1_199' title='bbox 446 2532 480 2592; x_wconf 95' lang='lat' dir='ltr'>in</span> <span class='ocrx_word' id='word_1_200' title='bbox 505 2551 576 2614; x_wconf 90' lang='lat' dir='ltr'>pur.</span> <span class='ocrx_word' id='word_1_201' title='bbox 599 2536 634 2592; x_wconf 89' lang='lat' dir='ltr'>et</span> <span class='ocrx_word' id='word_1_202' title='bbox 656 2551 745 2612; x_wconf 87' lang='lat' dir='ltr'>perp.</span> <span class='ocrx_word' id='word_1_203' title='bbox 762 2531 803 2593; x_wconf 90' lang='lat' dir='ltr'>el.</span> <span class='ocrx_word' id='word_1_204' title='bbox 826 2537 861 2592; x_wconf 92' lang='lat' dir='ltr'>et</span> <span class='ocrx_word' id='word_1_205' title='bbox 880 2530 983 2593; x_wconf 87' lang='lat' dir='ltr'>libera</span> <span class='ocrx_word' id='word_1_206' title='bbox 999 2531 1040 2592; x_wconf 91' lang='lat' dir='ltr'>ab</span> <span class='ocrx_word' id='word_1_207' title='bbox 1062 2531 1209 2592; x_wconf 91' lang='lat' dir='ltr'>omnibus</span> 
     </span>
     <span class='ocr_line' id='line_1_23' title="bbox 55 2626 1210 2709; baseline -0.002 -20"><span class='ocrx_word' id='word_1_208' title='bbox 55 2629 202 2690; x_wconf 83' lang='lat' dir='ltr'>serviciis</span> <span class='ocrx_word' id='word_1_209' title='bbox 226 2633 260 2688; x_wconf 86' lang='lat' dir='ltr'>et</span> <span class='ocrx_word' id='word_1_210' title='bbox 290 2628 432 2688; x_wconf 81' lang='lat' dir='ltr'>maxime</span> <span class='ocrx_word' id='word_1_211' title='bbox 462 2626 503 2688; x_wconf 90' lang='lat' dir='ltr'>de</span> <span class='ocrx_word' id='word_1_212' title='bbox 532 2627 666 2688; x_wconf 87' lang='lat' dir='ltr'>servicio</span> <span class='ocrx_word' id='word_1_213' title='bbox 697 2626 822 2688; x_wconf 91' lang='lat' dir='ltr'>domini</span> <span class='ocrx_word' id='word_1_214' title='bbox 849 2628 933 2708; x_wconf 87' lang='lat' dir='ltr'>regis</span> <span class='ocrx_word' id='word_1_215' title='bbox 963 2627 1048 2709; x_wconf 91' lang='lat' dir='ltr'>quod</span> <span class='ocrx_word' id='word_1_216' title='bbox 1077 2635 1210 2689; x_wconf 86' lang='lat' dir='ltr'>vocatur</span> 
     </span>
     <span class='ocr_line' id='line_1_24' title="bbox 58 2722 1370 2805; baseline -0.001 -19"><span class='ocrx_word' id='word_1_217' title='bbox 58 2722 204 2794; x_wconf 83' lang='lat' dir='ltr'>Utvvard‚</span> <span class='ocrx_word' id='word_1_218' title='bbox 219 2730 254 2785; x_wconf 91' lang='lat' dir='ltr'>et</span> <span class='ocrx_word' id='word_1_219' title='bbox 269 2723 310 2785; x_wconf 93' lang='lat' dir='ltr'>ab</span> <span class='ocrx_word' id='word_1_220' title='bbox 324 2723 474 2785; x_wconf 90' lang='lat' dir='ltr'>omnibns</span> <span class='ocrx_word' id='word_1_221' title='bbox 489 2723 563 2784; x_wconf 91' lang='lat' dir='ltr'>aliis</span> <span class='ocrx_word' id='word_1_222' title='bbox 578 2723 721 2784; x_wconf 89' lang='lat' dir='ltr'>serviciis</span> <span class='ocrx_word' id='word_1_223' title='bbox 741 2743 813 2805; x_wconf 85' lang='lat' dir='ltr'>quae</span> <span class='ocrx_word' id='word_1_224' title='bbox 828 2723 869 2784; x_wconf 90' lang='lat' dir='ltr'>ab</span> <span class='ocrx_word' id='word_1_225' title='bbox 888 2722 998 2804; x_wconf 89' lang='lat' dir='ltr'>aliqua</span> <span class='ocrx_word' id='word_1_226' title='bbox 1022 2729 1107 2785; x_wconf 88' lang='lat' dir='ltr'>terra</span> <span class='ocrx_word' id='word_1_227' title='bbox 1122 2724 1209 2805; x_wconf 84' lang='lat' dir='ltr'>exigi</span> <span class='ocrx_word' id='word_1_228' title='bbox 1368 2791 1370 2793; x_wconf 74' lang='lat'>.</span> 
     </span>
     <span class='ocr_line' id='line_1_25' title="bbox 56 2818 1370 2902; baseline -0.006 -22"><span class='ocrx_word' id='word_1_229' title='bbox 56 2823 194 2902; x_wconf 91' lang='lat' dir='ltr'>possunt</span> <span class='ocrx_word' id='word_1_230' title='bbox 212 2820 248 2881; x_wconf 92' lang='lat' dir='ltr'>in</span> <span class='ocrx_word' id='word_1_231' title='bbox 268 2825 473 2902; x_wconf 88' lang='lat' dir='ltr'>perpetuum.</span> <span class='ocrx_word' id='word_1_232' title='bbox 519 2818 682 2881; x_wconf 81' lang='lat' dir='ltr'>Praeterea</span> <span class='ocrx_word' id='word_1_233' title='bbox 693 2819 834 2880; x_wconf 87' lang='lat' dir='ltr'>concessi</span> <span class='ocrx_word' id='word_1_234' title='bbox 849 2823 884 2879; x_wconf 89' lang='lat' dir='ltr'>et</span> <span class='ocrx_word' id='word_1_235' title='bbox 899 2818 1088 2880; x_wconf 88' lang='lat' dir='ltr'>confirmavi</span> <span class='ocrx_word' id='word_1_236' title='bbox 1111 2819 1209 2880; x_wconf 89' lang='lat' dir='ltr'>dictis</span> <span class='ocrx_word' id='word_1_237' title='bbox 1234 2837 1370 2886; x_wconf 64' lang='lat' dir='ltr'>Confisus.</span> 
     </span>
     <span class='ocr_line' id='line_1_26' title="bbox 56 2902 1295 2995; baseline -0.001 -18"><span class='ocrx_word' id='word_1_238' title='bbox 56 2915 226 2977; x_wconf 87' lang='lat' dir='ltr'>monachis</span> <span class='ocrx_word' id='word_1_239' title='bbox 240 2914 439 2977; x_wconf 87' lang='lat' dir='ltr'>escambium</span> <span class='ocrx_word' id='word_1_240' title='bbox 450 2912 481 2995; x_wconf 86' lang='lat' dir='ltr'>xj</span> <span class='ocrx_word' id='word_1_241' title='bbox 499 2914 739 2995; x_wconf 90' lang='lat' dir='ltr'>acrarnmquod</span> <span class='ocrx_word' id='word_1_242' title='bbox 755 2916 801 2976; x_wconf 91' lang='lat' dir='ltr'>eis</span> <span class='ocrx_word' id='word_1_243' title='bbox 816 2916 894 2977; x_wconf 89' lang='lat' dir='ltr'>fecit</span> <span class='ocrx_word' id='word_1_244' title='bbox 910 2915 1016 2976; x_wconf 89' lang='lat' dir='ltr'>dictus</span> <span class='ocrx_word' id='word_1_245' title='bbox 1027 2914 1210 2976; x_wconf 87' lang='lat' dir='ltr'>Willelmus</span> <span class='ocrx_word' id='word_1_246' title='bbox 1235 2902 1295 2951; x_wconf 42' lang='lat'>&amp;⁰¹¹-</span> 
     </span>
     <span class='ocr_line' id='line_1_27' title="bbox 56 3011 1210 3093; baseline -0.001 -20"><span class='ocrx_word' id='word_1_247' title='bbox 56 3032 136 3073; x_wconf 90' lang='lat' dir='ltr'>avus</span> <span class='ocrx_word' id='word_1_248' title='bbox 151 3032 242 3073; x_wconf 88' lang='lat' dir='ltr'>meus</span> <span class='ocrx_word' id='word_1_249' title='bbox 256 3017 351 3072; x_wconf 84' lang='lat' dir='ltr'>terrae</span> <span class='ocrx_word' id='word_1_250' title='bbox 365 3030 464 3092; x_wconf 90' lang='lat' dir='ltr'>quam</span> <span class='ocrx_word' id='word_1_251' title='bbox 487 3011 649 3073; x_wconf 89' lang='lat' dir='ltr'>Henrious</span> <span class='ocrx_word' id='word_1_252' title='bbox 672 3017 764 3093; x_wconf 89' lang='lat' dir='ltr'>pater</span> <span class='ocrx_word' id='word_1_253' title='bbox 787 3032 876 3074; x_wconf 91' lang='lat' dir='ltr'>mcus</span> <span class='ocrx_word' id='word_1_254' title='bbox 898 3012 1072 3093; x_wconf 87' lang='lat' dir='ltr'>aliquando</span> <span class='ocrx_word' id='word_1_255' title='bbox 1093 3013 1210 3073; x_wconf 88' lang='lat' dir='ltr'>habuit</span> 
     </span>
    </p>

    <p class='ocr_par' dir='ltr' id='par_1_10' title="bbox 56 3106 1382 3476">
     <span class='ocr_line' id='line_1_28' title="bbox 56 3106 1211 3188; baseline 0 -18"><span class='ocrx_word' id='word_1_256' title='bbox 56 3110 93 3170; x_wconf 90' lang='lat' dir='ltr'>in</span> <span class='ocrx_word' id='word_1_257' title='bbox 109 3108 276 3170; x_wconf 84' lang='lat' dir='ltr'>territorio</span> <span class='ocrx_word' id='word_1_258' title='bbox 288 3106 328 3168; x_wconf 89' lang='lat' dir='ltr'>de</span> <span class='ocrx_word' id='word_1_259' title='bbox 343 3106 558 3188; x_wconf 86' lang='lat' dir='ltr'>Soharplawe‚</span> <span class='ocrx_word' id='word_1_260' title='bbox 573 3111 607 3169; x_wconf 88' lang='lat' dir='ltr'>et</span> <span class='ocrx_word' id='word_1_261' title='bbox 628 3127 723 3168; x_wconf 89' lang='lat' dir='ltr'>omne</span> <span class='ocrx_word' id='word_1_262' title='bbox 741 3106 797 3188; x_wconf 88' lang='lat' dir='ltr'>jus</span> <span class='ocrx_word' id='word_1_263' title='bbox 820 3107 906 3188; x_wconf 91' lang='lat' dir='ltr'>quod</span> <span class='ocrx_word' id='word_1_264' title='bbox 929 3109 962 3168; x_wconf 93' lang='lat' dir='ltr'>in</span> <span class='ocrx_word' id='word_1_265' title='bbox 988 3110 1101 3170; x_wconf 82' lang='lat' dir='ltr'>eadem</span> <span class='ocrx_word' id='word_1_266' title='bbox 1125 3117 1211 3170; x_wconf 88' lang='lat' dir='ltr'>terra</span> 
     </span>
     <span class='ocr_line' id='line_1_29' title="bbox 57 3203 1210 3287; baseline -0.001 -21"><span class='ocrx_word' id='word_1_267' title='bbox 57 3224 203 3287; x_wconf 89' lang='lat' dir='ltr'>unquam</span> <span class='ocrx_word' id='word_1_268' title='bbox 219 3203 336 3266; x_wconf 90' lang='lat' dir='ltr'>habere</span> <span class='ocrx_word' id='word_1_269' title='bbox 359 3205 465 3285; x_wconf 88' lang='lat' dir='ltr'>potui,</span> <span class='ocrx_word' id='word_1_270' title='bbox 488 3203 586 3265; x_wconf 88' lang='lat' dir='ltr'>dictis</span> <span class='ocrx_word' id='word_1_271' title='bbox 609 3203 774 3265; x_wconf 90' lang='lat' dir='ltr'>monachis</span> <span class='ocrx_word' id='word_1_272' title='bbox 797 3203 832 3263; x_wconf 93' lang='lat' dir='ltr'>in</span> <span class='ocrx_word' id='word_1_273' title='bbox 856 3209 1048 3284; x_wconf 90' lang='lat' dir='ltr'>perpetuum</span> <span class='ocrx_word' id='word_1_274' title='bbox 1063 3206 1210 3285; x_wconf 90' lang='lat' dir='ltr'>quietum</span> 
     </span>
     <span class='ocr_line' id='line_1_30' title="bbox 58 3297 1382 3381; baseline 0.002 -18"><span class='ocrx_word' id='word_1_275' title='bbox 58 3300 209 3363; x_wconf 82' lang='lat' dir='ltr'>clamavi.</span> <span class='ocrx_word' id='word_1_276' title='bbox 248 3299 383 3381; x_wconf 84' lang='lat' dir='ltr'>Insuper</span> <span class='ocrx_word' id='word_1_277' title='bbox 395 3299 452 3381; x_wconf 88' lang='lat' dir='ltr'>viij</span> <span class='ocrx_word' id='word_1_278' title='bbox 468 3321 492 3360; x_wconf 84' lang='lat' dir='ltr'>s.</span> <span class='ocrx_word' id='word_1_279' title='bbox 508 3320 587 3381; x_wconf 90' lang='lat' dir='ltr'>quos</span> <span class='ocrx_word' id='word_1_280' title='bbox 607 3299 689 3360; x_wconf 89' lang='lat' dir='ltr'>dicti</span> <span class='ocrx_word' id='word_1_281' title='bbox 702 3299 852 3360; x_wconf 87' lang='lat' dir='ltr'>monachi</span> <span class='ocrx_word' id='word_1_282' title='bbox 868 3297 1042 3378; x_wconf 88' lang='lat' dir='ltr'>aliquando</span> <span class='ocrx_word' id='word_1_283' title='bbox 1055 3320 1112 3380; x_wconf 90' lang='lat' dir='ltr'>pro</span> <span class='ocrx_word' id='word_1_284' title='bbox 1126 3308 1211 3361; x_wconf 90' lang='lat' dir='ltr'>terra</span> <span class='ocrx_word' id='word_1_285' title='bbox 1236 3313 1382 3371; x_wconf 81' lang='lat' dir='ltr'>Qnitelsim.</span> 
     </span>
     <span class='ocr_line' id='line_1_31' title="bbox 58 3393 1212 3476; baseline -0.003 -18"><span class='ocrx_word' id='word_1_286' title='bbox 58 3396 99 3458; x_wconf 92' lang='lat' dir='ltr'>de</span> <span class='ocrx_word' id='word_1_287' title='bbox 115 3394 294 3476; x_wconf 88' lang='lat' dir='ltr'>Sobarplnu</span> <span class='ocrx_word' id='word_1_288' title='bbox 309 3393 462 3476; x_wconf 86' lang='lat' dir='ltr'>praedioto</span> <span class='ocrx_word' id='word_1_289' title='bbox 478 3416 536 3457; x_wconf 90' lang='lat' dir='ltr'>avo</span> <span class='ocrx_word' id='word_1_290' title='bbox 552 3415 625 3456; x_wconf 88' lang='lat' dir='ltr'>meo</span> <span class='ocrx_word' id='word_1_291' title='bbox 640 3394 814 3473; x_wconf 89' lang='lat' dir='ltr'>solverunt,</span> <span class='ocrx_word' id='word_1_292' title='bbox 831 3401 864 3456; x_wconf 91' lang='lat' dir='ltr'>et</span> <span class='ocrx_word' id='word_1_293' title='bbox 885 3415 963 3475; x_wconf 83' lang='lat' dir='ltr'>quos</span> <span class='ocrx_word' id='word_1_294' title='bbox 986 3395 1072 3456; x_wconf 89' lang='lat' dir='ltr'>idem</span> <span class='ocrx_word' id='word_1_295' title='bbox 1085 3395 1212 3456; x_wconf 83' lang='lat' dir='ltr'>Willel-</span> 
     </span>
    </p>

    <p class='ocr_par' dir='ltr' id='par_1_11' title="bbox 57 3491 1211 3766">
     <span class='ocr_line' id='line_1_32' title="bbox 57 3491 1211 3572; baseline 0 -20"><span class='ocrx_word' id='word_1_296' title='bbox 57 3511 132 3553; x_wconf 87' lang='lat' dir='ltr'>mus</span> <span class='ocrx_word' id='word_1_297' title='bbox 152 3511 232 3554; x_wconf 90' lang='lat' dir='ltr'>avus</span> <span class='ocrx_word' id='word_1_298' title='bbox 253 3511 344 3553; x_wconf 89' lang='lat' dir='ltr'>meus</span> <span class='ocrx_word' id='word_1_299' title='bbox 365 3492 401 3552; x_wconf 94' lang='lat' dir='ltr'>in</span> <span class='ocrx_word' id='word_1_300' title='bbox 416 3491 484 3552; x_wconf 90' lang='lat' dir='ltr'>vita</span> <span class='ocrx_word' id='word_1_301' title='bbox 504 3511 560 3552; x_wconf 86' lang='lat' dir='ltr'>sua</span> <span class='ocrx_word' id='word_1_302' title='bbox 583 3498 617 3553; x_wconf 89' lang='lat' dir='ltr'>et</span> <span class='ocrx_word' id='word_1_303' title='bbox 639 3491 674 3552; x_wconf 93' lang='lat' dir='ltr'>in</span> <span class='ocrx_word' id='word_1_304' title='bbox 697 3491 780 3553; x_wconf 92' lang='lat' dir='ltr'>bona</span> <span class='ocrx_word' id='word_1_305' title='bbox 803 3491 1013 3572; x_wconf 86' lang='lat' dir='ltr'>prosperitate</span> <span class='ocrx_word' id='word_1_306' title='bbox 1037 3510 1093 3552; x_wconf 90' lang='lat' dir='ltr'>sua</span> <span class='ocrx_word' id='word_1_307' title='bbox 1116 3491 1211 3553; x_wconf 89' lang='lat' dir='ltr'>dictis</span> 
     </span>
     <span class='ocr_line' id='line_1_33' title="bbox 58 3586 1211 3668; baseline 0 -19"><span class='ocrx_word' id='word_1_308' title='bbox 58 3587 225 3649; x_wconf 86' lang='lat' dir='ltr'>monachis</span> <span class='ocrx_word' id='word_1_309' title='bbox 258 3587 381 3668; x_wconf 82' lang='lat' dir='ltr'>quietos</span> <span class='ocrx_word' id='word_1_310' title='bbox 411 3587 572 3663; x_wconf 90' lang='lat' dir='ltr'>clamavit,</span> <span class='ocrx_word' id='word_1_311' title='bbox 603 3607 662 3668; x_wconf 87' lang='lat' dir='ltr'>ego</span> <span class='ocrx_word' id='word_1_312' title='bbox 695 3586 876 3647; x_wconf 86' lang='lat' dir='ltr'>Willelmus</span> <span class='ocrx_word' id='word_1_313' title='bbox 915 3586 954 3648; x_wconf 90' lang='lat' dir='ltr'>de</span> <span class='ocrx_word' id='word_1_314' title='bbox 981 3586 1121 3667; x_wconf 86' lang='lat' dir='ltr'>Coyners</span> <span class='ocrx_word' id='word_1_315' title='bbox 1151 3588 1211 3649; x_wconf 91' lang='lat' dir='ltr'>hac</span> 
     </span>
     <span class='ocr_line' id='line_1_34' title="bbox 58 3682 1210 3766; baseline 0 -22"><span class='ocrx_word' id='word_1_316' title='bbox 58 3683 211 3766; x_wconf 76' lang='lat' dir='ltr'>praesenti</span> <span class='ocrx_word' id='word_1_317' title='bbox 237 3691 326 3745; x_wconf 86' lang='lat' dir='ltr'>carta</span> <span class='ocrx_word' id='word_1_318' title='bbox 349 3704 422 3745; x_wconf 90' lang='lat' dir='ltr'>mea</span> <span class='ocrx_word' id='word_1_319' title='bbox 446 3684 486 3745; x_wconf 92' lang='lat' dir='ltr'>de</span> <span class='ocrx_word' id='word_1_320' title='bbox 509 3704 561 3744; x_wconf 89' lang='lat' dir='ltr'>me</span> <span class='ocrx_word' id='word_1_321' title='bbox 584 3690 618 3743; x_wconf 90' lang='lat' dir='ltr'>et</span> <span class='ocrx_word' id='word_1_322' title='bbox 641 3682 812 3745; x_wconf 86' lang='lat' dir='ltr'>heredibus</span> <span class='ocrx_word' id='word_1_323' title='bbox 829 3683 917 3756; x_wconf 87' lang='lat' dir='ltr'>meis,</span> <span class='ocrx_word' id='word_1_324' title='bbox 933 3683 1059 3764; x_wconf 84' lang='lat' dir='ltr'>quietos</span> <span class='ocrx_word' id='word_1_325' title='bbox 1075 3683 1210 3745; x_wconf 87' lang='lat' dir='ltr'>clamavi</span> 
     </span>
    </p>

    <p class='ocr_par' dir='ltr' id='par_1_12' title="bbox 58 3778 1211 3862">
     <span class='ocr_line' id='line_1_35' title="bbox 58 3778 1211 3862; baseline -0.001 -21"><span class='ocrx_word' id='word_1_326' title='bbox 58 3780 94 3841; x_wconf 92' lang='lat' dir='ltr'>in</span> <span class='ocrx_word' id='word_1_327' title='bbox 110 3787 315 3862; x_wconf 84' lang='lat' dir='ltr'>perpetuum.</span> <span class='ocrx_word' id='word_1_328' title='bbox 360 3778 405 3840; x_wconf 88' lang='lat' dir='ltr'>Et</span> <span class='ocrx_word' id='word_1_329' title='bbox 420 3800 478 3860; x_wconf 75' lang='lat' dir='ltr'>ego</span> <span class='ocrx_word' id='word_1_330' title='bbox 494 3778 676 3840; x_wconf 85' lang='lat' dir='ltr'>Willelmus</span> <span class='ocrx_word' id='word_1_331' title='bbox 692 3782 726 3839; x_wconf 88' lang='lat' dir='ltr'>et</span> <span class='ocrx_word' id='word_1_332' title='bbox 741 3778 873 3839; x_wconf 87' lang='lat' dir='ltr'>heredes</span> <span class='ocrx_word' id='word_1_333' title='bbox 897 3779 960 3840; x_wconf 87' lang='lat' dir='ltr'>mei</span> <span class='ocrx_word' id='word_1_334' title='bbox 983 3780 1065 3840; x_wconf 89' lang='lat' dir='ltr'>bano</span> <span class='ocrx_word' id='word_1_335' title='bbox 1088 3786 1211 3841; x_wconf 85' lang='lat' dir='ltr'>cartam</span> 
     </span>
    </p>

    <p class='ocr_par' dir='ltr' id='par_1_13' title="bbox 58 3872 811 3969">
     <span class='ocr_line' id='line_1_36' title="bbox 58 3872 811 3969; baseline -0.003 -33"><span class='ocrx_word' id='word_1_336' title='bbox 58 3876 139 3969; x_wconf 74' lang='lat' dir='ltr'>dicti</span> <span class='ocrx_word' id='word_1_337' title='bbox 154 3876 208 3937; x_wconf 90' lang='lat' dir='ltr'>avi</span> <span class='ocrx_word' id='word_1_338' title='bbox 224 3875 288 3936; x_wconf 89' lang='lat' dir='ltr'>mei</span> <span class='ocrx_word' id='word_1_339' title='bbox 302 3880 415 3937; x_wconf 87' lang='lat' dir='ltr'>contra</span> <span class='ocrx_word' id='word_1_340' title='bbox 430 3895 540 3937; x_wconf 88' lang='lat' dir='ltr'>omnes</span> <span class='ocrx_word' id='word_1_341' title='bbox 555 3872 811 3936; x_wconf 91' lang='lat' dir='ltr'>vvarantabimus.</span> 
     </span>
    </p>
   </div>
   <div class='ocr_carea' id='block_1_10' title="bbox 59 4161 1355 4343">
    <p class='ocr_par' dir='ltr' id='par_1_14' title="bbox 59 4161 1355 4343">
     <span class='ocr_line' id='line_1_37' title="bbox 59 4161 1333 4258; baseline 0.001 -35"><span class='ocrx_word' id='word_1_342' title='bbox 59 4163 118 4225; x_wconf 88' lang='lat' dir='ltr'>bac</span> <span class='ocrx_word' id='word_1_343' title='bbox 132 4182 208 4224; x_wconf 85' lang='lat' dir='ltr'>mea</span> <span class='ocrx_word' id='word_1_344' title='bbox 228 4167 316 4222; x_wconf 87' lang='lat' dir='ltr'>carta</span> <span class='ocrx_word' id='word_1_345' title='bbox 339 4162 492 4224; x_wconf 88' lang='lat' dir='ltr'>confirmo</span> <span class='ocrx_word' id='word_1_346' title='bbox 513 4162 763 4225; x_wconf 89' lang='lat' dir='ltr'>convencionem</span> <span class='ocrx_word' id='word_1_347' title='bbox 785 4181 855 4242; x_wconf 84' lang='lat' dir='ltr'>quae</span> <span class='ocrx_word' id='word_1_348' title='bbox 877 4166 925 4222; x_wconf 87' lang='lat' dir='ltr'>est</span> <span class='ocrx_word' id='word_1_349' title='bbox 942 4161 1026 4221; x_wconf 90' lang='lat' dir='ltr'>inter</span> <span class='ocrx_word' id='word_1_350' title='bbox 1042 4165 1211 4225; x_wconf 86' lang='lat' dir='ltr'>monachos</span> <span class='ocrx_word' id='word_1_351' title='bbox 1237 4211 1292 4258; x_wconf 78' lang='lat' dir='ltr'>riou</span> <span class='ocrx_word' id='word_1_352' title='bbox 1304 4211 1333 4257; x_wconf 78' lang='lat' dir='ltr'>of</span> 
     </span>
     <span class='ocr_line' id='line_1_38' title="bbox 60 4256 1355 4343; baseline -0.001 -21"><span class='ocrx_word' id='word_1_353' title='bbox 60 4257 186 4322; x_wconf 84' lang='lat' dir='ltr'>Sanctae</span> <span class='ocrx_word' id='word_1_354' title='bbox 197 4257 313 4320; x_wconf 79' lang='lat' dir='ltr'>Mariae</span> <span class='ocrx_word' id='word_1_355' title='bbox 323 4256 364 4318; x_wconf 91' lang='lat' dir='ltr'>de</span> <span class='ocrx_word' id='word_1_356' title='bbox 375 4256 465 4318; x_wconf 92' lang='lat' dir='ltr'>Novo</span> <span class='ocrx_word' id='word_1_357' title='bbox 476 4258 669 4320; x_wconf 88' lang='lat' dir='ltr'>Monasterio</span> <span class='ocrx_word' id='word_1_358' title='bbox 681 4263 715 4319; x_wconf 90' lang='lat' dir='ltr'>et</span> <span class='ocrx_word' id='word_1_359' title='bbox 726 4258 894 4318; x_wconf 89' lang='lat' dir='ltr'>canonicos</span> <span class='ocrx_word' id='word_1_360' title='bbox 905 4256 943 4318; x_wconf 93' lang='lat' dir='ltr'>de</span> <span class='ocrx_word' id='word_1_361' title='bbox 955 4257 1212 4343; x_wconf 84' lang='lat' dir='ltr'>Hextildesham‚</span> <span class='ocrx_word' id='word_1_362' title='bbox 1237 4283 1355 4323; x_wconf 68' lang='lat' dir='ltr'>novenam</span> 
     </span>
    </p>
   </div>
   <div class='ocr_carea' id='block_1_11' title="bbox 60 4341 1378 4456">
    <p class='ocr_par' dir='ltr' id='par_1_15' title="bbox 60 4341 1378 4456">
     <span class='ocr_line' id='line_1_39' title="bbox 60 4341 1378 4456; baseline -0.01 -41"><span class='ocrx_word' id='word_1_363' title='bbox 60 4354 224 4429; x_wconf 85' lang='lat' dir='ltr'>videlicet,</span> <span class='ocrx_word' id='word_1_364' title='bbox 241 4353 281 4414; x_wconf 90' lang='lat' dir='ltr'>de</span> <span class='ocrx_word' id='word_1_365' title='bbox 295 4374 316 4414; x_wconf 90' lang='lat' dir='ltr'>x</span> <span class='ocrx_word' id='word_1_366' title='bbox 330 4352 412 4415; x_wconf 90' lang='lat' dir='ltr'>acris</span> <span class='ocrx_word' id='word_1_367' title='bbox 427 4357 519 4415; x_wconf 83' lang='lat' dir='ltr'>tertre</span> <span class='ocrx_word' id='word_1_368' title='bbox 533 4359 568 4414; x_wconf 93' lang='lat' dir='ltr'>et</span> <span class='ocrx_word' id='word_1_369' title='bbox 583 4355 665 4414; x_wconf 89' lang='lat' dir='ltr'>tofto</span> <span class='ocrx_word' id='word_1_370' title='bbox 680 4374 755 4415; x_wconf 91' lang='lat' dir='ltr'>uno.</span> <span class='ocrx_word' id='word_1_371' title='bbox 801 4351 960 4413; x_wconf 88' lang='lat' dir='ltr'>Testibus.</span> <span class='ocrx_word' id='word_1_372' title='bbox 1237 4341 1303 4456; x_wconf 45' lang='lat'>{31¹2</span> <span class='ocrx_word' id='word_1_373' title='bbox 1312 4342 1378 4389; x_wconf 70' lang='lat'>11⁰¹·</span> 
     </span>
    </p>
   </div>
   <div class='ocr_carea' id='block_1_12' title="bbox 0 0 1479 5048">
    <p class='ocr_par' dir='ltr' id='par_1_16' title="bbox 0 0 1479 5048">
     <span class='ocr_line' id='line_1_40' title="bbox 0 0 1479 5048; baseline 0 0"><span class='ocrx_word' id='word_1_374' title='bbox 0 0 1479 5048; x_wconf 95' lang='lat' dir='ltr'> </span> 
     </span>
    </p>
   </div>
  </div>
 </body>
</html>
