2940 5048
415 326 463 379 DE
487 324 580 379 NOVO
606 323 843 379 monusculum

51 498 118 562 mei
135 501 244 562 totam
258 496 359 579 p‘raed.
375 500 494 560 terram
509 494 608 579 praed.
623 493 736 557 abbati
752 502 786 557 et
800 515 892 557 conv.
908 500 1067 559 eteorum
1086 498 1205 580 assign.

53 600 167 658 contra
179 613 292 656 omnes
306 594 455 656 homines
469 598 504 654 et
518 592 656 653 feminas
665 611 734 673 acq.
748 612 819 653 war.
832 598 865 654 et
877 592 941 654 def.
951 593 1203 676 imperpetuum.

55 689 297 774 hwmw

119 881 240 967 (lara)
263 881 421 946 Omnibus
450 880 543 957 hano,
568 884 632 942 etc.
687 879 876 963 Ranulphus
906 883 947 944 de
976 882 1204 966 Tyrtlynglon‚
1277 894 1334 943 xix·

55 977 205 1042 salutem.
251 977 418 1040 Noveritis
437 997 491 1038 me
513 975 586 1038 ded.
601 995 690 1037 conc.
706 976 803 1038 relax.
820 978 1062 1058 quietumclam.
1078 989 1159 1063 etp.
1175 1001 1203 1042 c.
1227 959 1309 1075 ῃ
1319 961 1349 1009 of

55 1092 99 1137 ιι.
114 1075 202 1138 sons.
216 1094 275 1157 pro
290 1072 813 1155 meether.m.in1ib.etperp.
830 1074 1203 1139 elmostensab.
1228 1042 1354 1142 narii..

56 1175 90 1232 et
104 1190 197 1233 conv.
213 1171 297 1233 Novi
320 1170 411 1232 Mon.
427 1174 462 1230 et
483 1167 667 1251 specialiter
689 1168 843 1230 luminari
868 1169 906 1231 Β.
931 1170 1076 1250 Roberti,
1103 1192 1204 1234 unum
1227 1157 1356 1273 pndrric

55 1264 231 1327 dimidium
246 1266 368 1328 toftum
390 1265 424 1326 iu
440 1262 519 1326 villa
534 1265 574 1326 de
590 1264 759 1342 Erdisdon,
775 1265 860 1346 quod
878 1265 969 1346 jacet
984 1267 1070 1330 inter
1085 1273 1203 1331 terram
1227 1231 1325 1340 ippggpn

55 1361 214 1424 Willelmi
230 1362 333 1444 Wyne
348 1366 382 1423 et
397 1366 518 1423 terram
533 1359 685 1442 Hugonis
706 1359 752 1422 fil.
768 1360 913 1438 Roberti,
929 1369 962 1424 et
977 1384 1075 1425 unam
1098 1385 1204 1426 acram
1228 1355 1342 1432 notens

54 1462 149 1520 terrae
163 1459 200 1519 in
215 1457 377 1520 territorio
392 1458 432 1519 de
447 1455 673 1538 Tyrtlyngton.
691 1455 782 1517 illam
797 1456 948 1519 videlicet
964 1480 1035 1541 quaa
1050 1481 1082 1522 se
1095 1466 1205 1523 exten·
1229 1421 1348 1552 llffil

55 1553 105 1616 dit
130 1554 173 1618 ad
197 1554 337 1617 croftum
362 1553 513 1636 Hugonis
539 1551 585 1613 fil.
601 1551 734 1614 Roberti
759 1573 798 1614 er
823 1560 913 1634 parte
937 1556 1081 1633 australi,
1107 1576 1205 1639 quam
1229 1552 1338 1631 dorric·

55 1651 188 1733 quidem
212 1655 331 1712 terram
357 1669 432 1711 cum
458 1649 595 1712 dimidio
623 1649 706 1710 tofto
729 1650 892 1731 quondam
918 1652 1009 1712 tenui
1036 1653 1076 1714 de
1106 1654 1205 1735 praed.
1230 1621 1335 1684 ungros.

54 1745 171 1809 abbate
186 1752 220 1808 et
235 1766 339 1822 conv,
348 1766 423 1807 cum
432 1765 517 1807 omn.
527 1750 610 1827 pert.
625 1746 691 1806 suis
700 1746 881 1821 annuatim,
892 1767 951 1829 pro
961 1747 990 1828 vj
1003 1748 1111 1810 denar.
1127 1769 1206 1831 quas

55 1840 227 1904 decaetero
243 1841 314 1903 volo
329 1841 473 1903 utnulla
498 1841 626 1903 racione
653 1840 694 1902 de
720 1861 773 1902 me
799 1841 852 1902 vel
875 1843 943 1905 her.
965 1864 1008 1904 m.
1025 1845 1206 1926 exigantur.

54 1937 134 2002 Ten.
151 1945 186 2000 et
199 1937 275 2001 hab.
289 1939 388 2020 praed.
404 1937 476 1999 abb.
493 1942 527 1999 et
551 1957 641 1998 conv.
658 1938 839 2020 specialiter
857 1939 899 2000 ad
916 1938 1073 2002 luminare
1089 1940 1127 2002 Β.
1143 1941 1208 2002 Βο-

54 2032 138 2096 berti
153 2035 404 2116 imperpetuum,
418 2033 498 2096 adeo
513 2033 612 2095 libere
627 2038 663 2095 et
674 2034 783 2115 quiete
794 2034 878 2095 sicut
889 2035 1035 2097 Dionisia
1046 2037 1208 2118 quondam

55 2150 135 2193 uxor
150 2130 303 2192 Falconis
318 2131 358 2193 de
373 2129 561 2211 Tybenbam
576 2129 703 2191 dictum
719 2130 894 2192 dimidium
909 2131 1029 2193 toftum
1040 2138 1075 2193 et
1086 2133 1209 2194 dictam

55 2246 164 2289 acram
179 2231 274 2290 terrae
289 2227 324 2288 in
340 2246 397 2288 sua
411 2227 573 2289 viduitate
587 2230 622 2288 et
636 2226 718 2309 ligia
736 2231 897 2307 potestate
919 2229 1096 2290 constituta
1110 2229 1208 2310 praed.

55 2321 129 2386 abb.
143 2328 179 2384 et
203 2341 293 2385 conv.
309 2327 344 2383 ct
359 2321 542 2405 specialiter
567 2321 721 2383 luminari
742 2321 780 2383 Β.
796 2321 941 2397 Roberti‚
966 2324 1057 2385 dedit
1073 2331 1106 2386 et
1121 2331 1210 2387 carta

55 2438 113 2481 sua
138 2419 354 2495 confirmavit,
378 2438 452 2479 cum
478 2418 626 2480 omnibus
652 2416 867 2495 libertatibus,
893 2421 1025 2501 aysiam.
1049 2421 1090 2482 ad
1110 2422 1209 2502 praed.

55 2520 177 2577 terram
192 2513 440 2596 pertinentibus,
456 2514 525 2574 sine
548 2514 637 2575 omni
659 2514 803 2592 servicio,
826 2535 910 2576 cons.
927 2536 1031 2578 exacc.
1048 2517 1108 2579 vel.
1126 2518 1210 2579 dem.

56 2608 143 2673 salvo
158 2609 314 2672 forinseco
331 2608 455 2671 domini
470 2608 580 2691 Regis,
596 2614 755 2690 quantum
778 2611 921 2691 pertinet
947 2612 986 2674 ad
1004 2618 1131 2674 tantam
1146 2622 1211 2675 ter-

55 2726 135 2769 ram.
181 2706 228 2767 Et
242 2725 303 2788 ego
318 2703 509 2787 Ranulpbus
523 2710 557 2767 et
573 2704 640 2766 her.
656 2725 700 2766 m.
716 2705 839 2767 dictam
863 2712 982 2770 terram
1001 2730 1075 2771 cum
1090 2711 1210 2792 pertin.

56 2803 155 2885 praed.
170 2801 244 2865 abb.
261 2807 296 2863 et
311 2821 401 2864 conv.
417 2805 529 2862 contra
556 2820 667 2862 omnes
690 2802 835 2865 homines
850 2808 884 2865 et
899 2804 1036 2867 feminas
1051 2826 1124 2868 war.
1139 2826 1209 2888 aeq.

56 2904 91 2961 et
104 2898 170 2961 def.
185 2899 437 2980 imperpetuum.
482 2896 523 2958 In
540 2895 630 2978 cujus
645 2898 703 2973 rei,
719 2903 781 2960 etc.

122 3091 281 3155 Omnibus
293 3091 387 3168 hanc,
396 3094 460 3152 etc.
487 3088 645 3151 Robertus
656 3089 697 3151 de
709 3090 909 3171 Lynnemue,
922 3091 1070 3154 salutem.
1094 3093 1211 3157 Sciatis
1284 3114 1330 3154 xx·

56 3206 109 3251 me
123 3209 182 3272 pro
198 3186 254 3250 sal.
269 3207 320 3249 an.
335 3207 379 3248 m.
395 3191 430 3247 et
445 3205 529 3247 omn.
555 3191 660 3247 antec.
684 3191 719 3247 et
740 3187 806 3247 her.
831 3207 886 3263 m.,
903 3187 965 3248 ded
980 3208 1068 3250 conc.
1084 3195 1118 3250 et
1133 3211 1165 3271 p.
1183 3212 1210 3252 c.
1234 3171 1357 3287 md

56 3305 100 3348 m.
116 3284 215 3360 confi,
230 3283 299 3346 Deo
314 3289 349 3346 et
364 3282 404 3345 Β.
420 3282 480 3358 M,
496 3281 577 3343 Abb.
602 3288 636 3343 et
655 3301 741 3343 mon.
758 3281 843 3343 Novi
858 3281 949 3343 Mon.
966 3283 1000 3343 in
1017 3283 1073 3345 lib.
1090 3306 1161 3367 pur.
1177 3292 1212 3348 et
1236 3304 1328 3366 ehorp
1339 3302 1379 3351 sor

56 3401 148 3465 perp.
165 3380 218 3457 el.‚
234 3379 418 3462 specialiter
433 3378 474 3440 ad
490 3378 648 3440 luminare
670 3376 783 3440 Sancti
808 3377 943 3440 Roberti
966 3380 1065 3460 primi
1088 3380 1212 3444 abbatis
1234 3369 1333 3483 {aab

57 3477 203 3561 ejusdem
217 3476 341 3554 domus,
350 3475 516 3537 redditum
527 3475 668 3556 quinque
680 3474 854 3536 solidorum
866 3477 1005 3555 argenti,
1018 3477 1212 3558 percipiend.
1236 3500 1310 3562 light,
1323 3499 1355 3562 by

57 3574 228 3637 annuatim
243 3573 283 3635 de
297 3592 350 3634 me
365 3575 399 3634 et
414 3571 480 3632 ber.
496 3590 540 3631 m.
557 3569 596 3631 de
611 3570 695 3631 tofto
711 3577 744 3632 et
759 3577 845 3632 terra
865 3571 905 3632 ad
922 3571 1005 3633 illud
1021 3574 1213 3657 pertinente,
1237 3566 1334 3681 {blm
1345 3564 1376 3612 ‘¹⁰

58 3670 143 3753 quod
167 3669 232 3733 Ad.
249 3668 387 3732 Kelloue
412 3666 574 3749 quondam
598 3667 705 3727 tenuit
729 3667 763 3729 in
788 3666 864 3728 villa
889 3667 928 3728 de
949 3667 1129 3745 Hertiston‚
1145 3670 1212 3734 scil.
1251 3646 1390 3696 ‘mm

58 3766 143 3830 illud
158 3765 280 3828 tostum
295 3765 381 3847 quod
401 3763 491 3845 jacet
515 3764 601 3823 inter
625 3761 746 3823 toftum
770 3763 889 3845 Rogeri
909 3764 949 3825 de
976 3762 1161 3845 beneclife
1176 3787 1215 3826 ex

59 3883 124 3926 una
147 3868 250 3946 parte,
273 3866 308 3924 et
322 3859 481 3921 Willelmi
496 3859 665 3920 Witbman
690 3879 728 3920 ex
752 3860 854 3921 altera
880 3860 921 3922 ad
948 3861 1025 3922 duos
1050 3863 1215 3938 terminos,

59 3958 129 4022 scil.
146 3959 355 4022 medietatem
370 3957 411 4019 ad
427 3956 651 4031 Pentecosten,
672 3961 705 4016 et
717 3954 816 4016 aliam
829 3953 1037 4017 medietatem
1047 3958 1087 4019 ad
1097 3958 1217 4019 festum

61 4054 173 4119 Sancti
199 4054 337 4116 Martini
351 4053 387 4114 in
403 4052 528 4134 hyeme.
566 4050 656 4124 Quod
673 4049 698 4110 si
716 4070 774 4131 ego
791 4051 841 4112 vel
857 4051 973 4133 aliquis
990 4052 1056 4114 ber.
1072 4073 1217 4116 meorum

61 4151 103 4213 ad
125 4149 269 4234 aliquem
293 4150 470 4211 terminum
494 4146 703 4208 defecerimus
728 4147 762 4206 in
787 4146 959 4223 solucione,
982 4147 1096 4209 licebit
1118 4149 1217 4230 praed.

61 4248 230 4309 monacbis
246 4246 442 4327 distringere
457 4264 514 4305 nos
536 4262 593 4325 per
609 4241 692 4302 bona
707 4247 816 4303 nostra
831 4242 966 4305 mobilia
980 4250 1014 4305 et
1037 4245 1218 4307 immobilia

64 4362 254 4426 quocunque
268 4343 403 4404 inventa
417 4340 549 4414 fuerint,
572 4338 673 4399 donec
696 4338 850 4419 quicquid
868 4337 1014 4401 debiturn
1030 4341 1128 4403 luerit
1153 4342 1221 4424 ple·

64 4438 154 4502 narie
168 4438 381 4523 persolvatur.
427 4434 472 4497 Et
495 4433 661 4497 sciendum
684 4433 769 4515 quod
792 4454 851 4497 nec
867 4454 927 4516 ego
943 4455 1003 4498 nec
1019 4435 1136 4520 aliquis
1151 4439 1219 4500 her.
