2940 5048
425 321 473 373 nn
497 320 592 374 novo
618 320 853 374 uonssruruo.
1314 295 1388 368 235

59 483 216 551 luminari
239 488 383 572 ejusdem
404 491 526 554 scancti
541 489 622 575 (sie)
648 497 687 554 nt
711 492 906 575 praefinitum
932 496 980 554 est
1003 489 1212 565 exsolvendis,

59 587 187 648 custodi
203 586 371 648 luminaris
386 590 625 671 praenominati,
636 589 692 670 qui
701 609 760 670 pro
783 594 929 670 tempore
945 588 1056 664 fuerit,
1072 587 1213 649 fideliter
1239 597 1339 675 Kasper
1350 597 1379 646 of

59 681 262 763 respondeat.
308 684 353 745 Et
368 705 426 766 ego
442 684 603 747 Robertus
618 691 652 747 et
667 687 733 747 her.
750 705 793 745 m.
817 686 915 765 praed.
939 705 993 746 sex
1016 686 1089 747 den.
1112 686 1211 745 annui
1239 665 1282 715 “¹⁰
1294 664 1366 728 ugni.

60 778 209 841 redditus
223 780 321 862 praed.
339 780 491 842 luminari
504 781 616 845 Sancti
626 781 770 856 Roberti,
780 782 1069 855 warantizabimus,
1081 781 1214 861 adquie-

61 875 215 952 tabimus,
224 883 259 939 et
275 876 483 939 defendemus
498 882 609 939 centra
624 897 734 939 omnes
745 878 890 939 homines
902 884 936 938 et
948 877 1083 939 feminas
1093 878 1215 958 imper·

61 976 210 1053 potuum.
255 972 331 1035 Hiis
346 973 493 1052 testibus,
510 980 572 1036 etc.

130 1162 228 1226 Carta
249 1164 289 1226 de
311 1169 497 1229 tenemento
520 1187 644 1230 annexo
671 1187 765 1249 super
787 1188 957 1231 commune
979 1168 1153 1251 pistrinum
1174 1166 1214 1228 de
1239 1177 1371 1228 Theram-

61 1259 217 1343 Morpath
234 1283 341 1325 versus
356 1269 510 1340 austrum,
524 1283 610 1326 nunc
624 1265 660 1325 in
675 1270 789 1326 tenura
804 1264 939 1327 Walteri
957 1265 1153 1346 Sharparow.
1239 1245 1383 1359 ffiebffi‘*

1239 1376 1365 1440 Morpeth.

129 1455 290 1517 Omnibus
314 1456 373 1518 boe
398 1457 555 1538 scriptum
578 1457 692 1518 visuris
713 1455 766 1518 vel
784 1456 953 1520 audituris.
999 1459 1103 1520 Adam
1119 1458 1213 1535 Rose,
1240 1479 1362 1529 Granios

63 1551 202 1612 vicarius
226 1551 367 1614 ecclesiae
391 1552 431 1614 de
456 1551 672 1634 Stanyngtun,
697 1560 731 1615 et
755 1553 825 1614 Ric.
842 1552 1003 1630 Aukland,
1020 1555 1213 1636 capellanus,
1239 1546 1351 1661 {gnbl’l

62 1646 201 1709 salutem
216 1649 252 1708 in
269 1647 408 1709 Domino
424 1650 661 1731 sempiternam.
701 1648 863 1711 Noveritis
878 1669 935 1710 nos
950 1651 1098 1732 praefatos
1109 1651 1213 1712 Adam
1239 1626 1366 1727 ofestquar

62 1750 96 1805 et
111 1743 298 1820 Ricardum,
313 1744 384 1808 ded.
401 1765 490 1807 conc.
506 1752 540 1807 et
555 1745 587 1806 b.
603 1766 636 1828 p.
661 1767 686 1807 s.
702 1766 735 1807 n.
750 1745 834 1807 conf.
853 1745 935 1807 Abb.
959 1750 992 1806 et
1015 1766 1105 1808 conv.
1129 1746 1214 1808 Novi
1240 1742 1354 1806 nington.

62 1839 153 1902 Mon.
164 1847 198 1901 et
210 1861 273 1902 eor.
285 1841 527 1920 successoribus,
537 1842 572 1903 in
584 1862 653 1924 pur.
668 1846 703 1904 et
711 1861 800 1923 perp.
812 1841 850 1905 el
862 1842 1102 1924 inperpetuum,
1111 1862 1214 1904 unum

63 1955 207 1997 annuum
233 1936 397 1998 redditum
427 1943 564 2019 quatuor
597 1938 773 2000 solidorum
797 1939 994 2020 percipiend.
1016 1939 1049 2000 in
1076 1939 1215 2020 quodam

62 2037 250 2095 tenemento
265 2035 297 2094 in
315 2032 393 2096 villa
414 2035 455 2096 de
477 2034 631 2116 Morpath
645 2035 732 2116 quod
747 2034 769 2096 J
771 2035 910 2096 ohannes
927 2034 1099 2096 Welborne
1114 2054 1216 2117 nuper

63 2129 172 2190 tenuit
188 2129 228 2190 de
243 2129 384 2191 Henrioo
399 2131 439 2192 de
454 2130 523 2193 See.
569 2130 655 2192 Hab.
671 2136 705 2192 et
719 2131 914 2212 percipiend.
931 2136 1039 2192 totum
1052 2131 1216 2192 redditum

63 2230 203 2306 quatuor
218 2224 391 2286 solidorum
406 2226 493 2308 praef.
510 2225 620 2288 abbati
637 2231 670 2288 et
679 2226 852 2287 conventui
864 2224 926 2309 (et)
938 2247 1047 2288 eorum
1060 2247 1217 2288 successo·

64 2321 152 2382 ribus
168 2321 404 2403 inperpetuum,
419 2322 560 2385 solvend.
577 2323 618 2385 ad
633 2323 716 2384 festa
732 2322 936 2384 Pentecostes
951 2327 985 2383 et
1001 2322 1111 2385 Sancti
1128 2322 1218 2384 Mar·

64 2418 129 2478 tini
143 2417 180 2477 in
195 2417 309 2499 hyeme
324 2419 423 2500 aequis
433 2418 645 2499 porcionibus.
693 2419 738 2479 Et
750 2419 775 2479 si
789 2418 958 2500 contingat
967 2418 1063 2500 praed.
1073 2438 1217 2480 annuum

64 2512 230 2575 redditum
245 2520 382 2595 quatuor
405 2514 580 2576 solidorum
603 2535 623 2577 0
645 2519 731 2576 retro
754 2514 822 2576 fore
845 2522 879 2576 et
901 2534 965 2575 nou
989 2515 1130 2576 solutum
1145 2520 1218 2596 post

63 2608 196 2690 aliquod
211 2609 329 2671 festum
345 2630 408 2691 quo
423 2610 504 2673 solvi
519 2610 647 2687 debeat,
670 2612 756 2693 quod
779 2618 897 2673 extunc
921 2611 1001 2673 bene
1024 2611 1122 2673 liceat
1137 2632 1219 2693 prae-

64 2706 142 2767 fatis
160 2705 234 2768 abb.
244 2712 278 2767 et
293 2726 383 2768 conv.
395 2710 549 2768 eteorum
561 2707 791 2770 successoribus
803 2709 837 2769 in
850 2708 1041 2790 pradictum
1052 2715 1219 2770 tenemen-

65 2808 139 2866 tum
154 2824 230 2865 cum
245 2805 310 2866 sms
325 2805 537 2886 pertinenciis
547 2805 667 2867 intrare
678 2811 712 2867 et
727 2807 930 2887 distringere,
945 2810 980 2867 et
996 2806 1218 2867 districcioncs

66 2900 111 2964 sic
119 2899 243 2963 ibidem
258 2908 368 2982 captas
383 2900 525 2962 alienare
539 2908 573 2963 et
588 2921 685 2983 penes
694 2922 727 2963 se
743 2903 892 2976 retinere,
908 2922 1072 2983 quousque
1084 2903 1124 2964 de
1138 2922 1219 2983 prae·

66 2997 156 3059 dicto
178 2997 311 3059 redditu
333 3001 473 3079 quatuor
500 2997 676 3060 solidorum
707 3019 781 3060 cum
805 2998 869 3059 suis
895 2999 1076 3079 arreragiis,
1093 2998 1119 3058 si
1146 3017 1219 3078 quae

66 3094 200 3167 fuerint,
217 3093 359 3175 plenarie
382 3095 482 3156 luerit
505 3095 552 3156 eis
575 3095 777 3156 satisfactum
793 3098 827 3154 et
841 3092 1052 3174 persolutum.
1098 3093 1143 3154 Et
1161 3112 1218 3154 nos

66 3189 195 3273 praefati
205 3190 309 3251 Adam
318 3196 351 3252 et
362 3190 519 3253 Ricardus
530 3197 565 3253 et
575 3190 713 3252 haeredes
722 3189 892 3271 praeiatum
902 3208 1046 3249 annuum
1054 3188 1219 3250 redditum

64 3287 209 3368 praefatis
229 3286 391 3364 abb.,etc.
407 3292 568 3348 eteorum
590 3285 821 3349 suecessoribus
844 3290 955 3346 contra
977 3303 1086 3345 omnes
1105 3290 1219 3366 gentes

66 3382 343 3444 warantizabimus
358 3384 597 3465 imperpetuum
612 3389 647 3445 et
662 3381 881 3445 defendemus.

133 3572 419 3657 (1291))00101000
429 3575 488 3636 hoc
498 3574 668 3657 scriptum,
680 3579 743 3637 etc.
757 3572 941 3635 Willelmus
952 3570 1055 3633 Faber
1064 3572 1095 3634 le
1108 3573 1221 3656 longer
1287 3581 1359 3629 xxix·

66 3670 473 3752 deMorpath,inl)omin0
485 3669 622 3732 salutem
633 3676 798 3733 aeternam.
823 3670 964 3731 Nov.me
973 3689 1032 3750 pro
1043 3668 1100 3732 sal.
1111 3689 1163 3732 an.
1175 3690 1219 3731 m.
1246 3647 1397 3766 fflgr‘gh

66 3771 102 3830 et
116 3787 202 3830 omn.
219 3774 324 3829 antec.
340 3787 488 3829 meorum
499 3770 533 3829 et
547 3767 712 3844 heredum,
729 3767 801 3828 ded.
818 3786 909 3827 0000.
926 3769 959 3825 et
975 3784 1007 3846 p.
1023 3785 1051 3826 c.
1069 3786 1113 3828 m.
1134 3766 1219 3827 conf.
1245 3779 1360 3828 Roben’s

66 3863 135 3926 Deo
149 3869 184 3926 et
199 3863 237 3925 B.
248 3863 296 3925 M.
312 3863 431 3925 Abbati
442 3867 476 3924 et
490 3863 655 3924 monachis
670 3863 755 3925 Novi
771 3862 859 3924 Mon.
873 3862 907 3922 in
919 3860 976 3922 lib.
992 3880 1065 3941 pur.
1081 3866 1115 3924 et
1131 3882 1219 3944 perp.
1245 3845 1365 3959 1ξῆῧῖἰῦξὲ

66 3959 108 4022 01.
124 3964 158 4021 et
173 3959 355 4041 specialiter
369 3960 410 4020 ad
425 3958 579 4021 luminari
600 3956 675 4042 (sic)
705 3958 792 4020 beati
817 3957 964 4032 Roberti,
979 3957 1078 4037 primi
1094 3958 1220 4019 abbatis
1246 3977 1335 4026 Faber.

66 4054 210 4136 ejusdem
242 4057 365 4131 domus,
393 4054 556 4117 redditum
584 4054 829 4136 quatuordeeim
860 4053 1066 4114 denariorum
1093 4053 1220 4134 argenti

66 4153 235 4214 annuatim
248 4152 492 4234 percipiendum
508 4152 547 4213 de
562 4171 614 4211 me
640 4156 674 4212 et
700 4150 766 4210 her.
788 4170 832 4210 m.
855 4149 895 4210 de
910 4148 966 4209 illo
982 4148 1119 4211 dimidio
1136 4151 1220 4211 tosto

65 4254 100 4311 et
114 4254 201 4310 terra
216 4248 257 4310 ad
272 4248 355 4310 illud
370 4248 554 4330 pertinente
570 4246 655 4329 quod
663 4245 754 4327 jacet
779 4246 866 4306 inter
880 4249 1000 4305 terram
1016 4245 1157 4306 Ascelini
1180 4247 1221 4308 de

66 4346 209 4428 hospicio
223 4366 262 4407 ex
286 4365 350 4406 una
365 4349 465 4426 parte,
482 4349 517 4405 et
533 4343 687 4425 Stephani
705 4343 781 4405 Occi
797 4362 837 4402 ex
853 4341 957 4401 altera
971 4346 1074 4422 parte,
1086 4342 1127 4403 ad
1143 4343 1222 4404 duos

66 4442 230 4518 terminos,
242 4441 406 4517 videlicet,
414 4439 623 4502 medietatem
633 4440 673 4502 ad
684 4439 816 4514 Pascha,
823 4444 856 4501 et
866 4437 1001 4499 alteram
1012 4438 1222 4503 medietatem
