<?xml version="1.0" encoding="UTF-8"?>
<!DOCTYPE html PUBLIC "-//W3C//DTD XHTML 1.0 Transitional//EN"
    "http://www.w3.org/TR/xhtml1/DTD/xhtml1-transitional.dtd">
<html xmlns="http://www.w3.org/1999/xhtml" xml:lang="en" lang="en">
 <head>
  <title>
</title>
<meta http-equiv="Content-Type" content="text/html;charset=utf-8" />
  <meta name='ocr-system' content='tesseract 3.04.00' />
  <meta name='ocr-capabilities' content='ocr_page ocr_carea ocr_par ocr_line ocrx_word'/>
</head>
<body>
  <div class='ocr_page' id='page_1' title='image "./chartulariumabb00fowlgoog_0112.png"; bbox 0 0 2940 5048; ppageno 0'>
   <div class='ocr_carea' id='block_1_1' title="bbox 432 332 859 389">
    <p class='ocr_par' dir='ltr' id='par_1_1' title="bbox 432 332 859 389">
     <span class='ocr_line' id='line_1_1' title="bbox 432 332 859 389; baseline 0.005 -3"><span class='ocrx_word' id='word_1_1' title='bbox 432 333 480 386; x_wconf 77' lang='lat' dir='ltr'>mr</span> <span class='ocrx_word' id='word_1_2' title='bbox 503 332 599 387; x_wconf 81' lang='lat' dir='ltr'>NOVO</span> <span class='ocrx_word' id='word_1_3' title='bbox 624 333 859 389; x_wconf 72' lang='lat' dir='ltr'>Monssrssw.</span> 
     </span>
    </p>
   </div>
   <div class='ocr_carea' id='block_1_2' title="bbox 51 500 1221 2200">
    <p class='ocr_par' dir='ltr' id='par_1_2' title="bbox 51 500 1221 2200">
     <span class='ocr_line' id='line_1_2' title="bbox 51 500 1219 588; baseline 0.005 -26"><span class='ocrx_word' id='word_1_4' title='bbox 51 500 340 584; x_wconf 83' lang='lat' dir='ltr'>Hcppdenburne,</span> <span class='ocrx_word' id='word_1_5' title='bbox 354 506 393 566; x_wconf 80' lang='lat' dir='ltr'>et</span> <span class='ocrx_word' id='word_1_6' title='bbox 413 502 460 566; x_wconf 91' lang='lat' dir='ltr'>sic</span> <span class='ocrx_word' id='word_1_7' title='bbox 480 502 698 566; x_wconf 86' lang='lat' dir='ltr'>descendendo</span> <span class='ocrx_word' id='word_1_8' title='bbox 720 523 778 585; x_wconf 88' lang='lat' dir='ltr'>per</span> <span class='ocrx_word' id='word_1_9' title='bbox 797 503 1035 586; x_wconf 89' lang='lat' dir='ltr'>Hepdenbume</span> <span class='ocrx_word' id='word_1_10' title='bbox 1057 526 1156 588; x_wconf 86' lang='lat' dir='ltr'>usque</span> <span class='ocrx_word' id='word_1_11' title='bbox 1178 506 1219 567; x_wconf 83' lang='lat' dir='ltr'>ad</span> 
     </span>
     <span class='ocr_line' id='line_1_3' title="bbox 54 598 1220 685; baseline 0.005 -25"><span class='ocrx_word' id='word_1_12' title='bbox 54 598 154 661; x_wconf 90' lang='lat' dir='ltr'>illurn</span> <span class='ocrx_word' id='word_1_13' title='bbox 168 600 285 663; x_wconf 79' lang='lat' dir='ltr'>locum</span> <span class='ocrx_word' id='word_1_14' title='bbox 299 601 358 663; x_wconf 91' lang='lat' dir='ltr'>ubi</span> <span class='ocrx_word' id='word_1_15' title='bbox 373 600 533 663; x_wconf 77' lang='lat' dir='ltr'>wascellus</span> <span class='ocrx_word' id='word_1_16' title='bbox 548 600 707 663; x_wconf 89' lang='lat' dir='ltr'>demedio</span> <span class='ocrx_word' id='word_1_17' title='bbox 718 600 960 664; x_wconf 88' lang='lat' dir='ltr'>Alribarneclou</span> <span class='ocrx_word' id='word_1_18' title='bbox 975 603 1063 665; x_wconf 74' lang='lat' dir='ltr'>curiit</span> <span class='ocrx_word' id='word_1_19' title='bbox 1078 605 1113 665; x_wconf 89' lang='lat' dir='ltr'>in</span> <span class='ocrx_word' id='word_1_20' title='bbox 1129 604 1220 685; x_wconf 87' lang='lat' dir='ltr'>Hep-</span> 
     </span>
     <span class='ocr_line' id='line_1_4' title="bbox 58 694 1219 781; baseline 0.002 -23"><span class='ocrx_word' id='word_1_21' title='bbox 58 694 242 773; x_wconf 81' lang='lat' dir='ltr'>denbrrrne,</span> <span class='ocrx_word' id='word_1_22' title='bbox 252 700 288 759; x_wconf 73' lang='lat' dir='ltr'>et</span> <span class='ocrx_word' id='word_1_23' title='bbox 301 697 349 758; x_wconf 89' lang='lat' dir='ltr'>sic</span> <span class='ocrx_word' id='word_1_24' title='bbox 364 696 562 759; x_wconf 86' lang='lat' dir='ltr'>ascendendo</span> <span class='ocrx_word' id='word_1_25' title='bbox 576 716 633 779; x_wconf 91' lang='lat' dir='ltr'>per</span> <span class='ocrx_word' id='word_1_26' title='bbox 644 697 731 758; x_wconf 88' lang='lat' dir='ltr'>idem</span> <span class='ocrx_word' id='word_1_27' title='bbox 743 696 814 758; x_wconf 89' lang='lat' dir='ltr'>clou</span> <span class='ocrx_word' id='word_1_28' title='bbox 826 718 925 780; x_wconf 89' lang='lat' dir='ltr'>usque</span> <span class='ocrx_word' id='word_1_29' title='bbox 936 699 977 761; x_wconf 88' lang='lat' dir='ltr'>ad</span> <span class='ocrx_word' id='word_1_30' title='bbox 988 720 1114 762; x_wconf 89' lang='lat' dir='ltr'>crucem</span> <span class='ocrx_word' id='word_1_31' title='bbox 1123 719 1219 781; x_wconf 88' lang='lat' dir='ltr'>quam</span> 
     </span>
     <span class='ocr_line' id='line_1_5' title="bbox 61 791 1220 875; baseline 0.003 -22"><span class='ocrx_word' id='word_1_32' title='bbox 61 791 125 854; x_wconf 78' lang='lat' dir='ltr'>ieci</span> <span class='ocrx_word' id='word_1_33' title='bbox 145 811 270 874; x_wconf 87' lang='lat' dir='ltr'>ponere</span> <span class='ocrx_word' id='word_1_34' title='bbox 291 792 328 853; x_wconf 86' lang='lat' dir='ltr'>in</span> <span class='ocrx_word' id='word_1_35' title='bbox 350 791 518 854; x_wconf 82' lang='lat' dir='ltr'>Hardrode</span> <span class='ocrx_word' id='word_1_36' title='bbox 540 792 575 853; x_wconf 91' lang='lat' dir='ltr'>in</span> <span class='ocrx_word' id='word_1_37' title='bbox 597 791 700 854; x_wconf 82' lang='lat' dir='ltr'>divisa</span> <span class='ocrx_word' id='word_1_38' title='bbox 718 792 805 854; x_wconf 74' lang='lat' dir='ltr'>inter</span> <span class='ocrx_word' id='word_1_39' title='bbox 818 793 987 875; x_wconf 76' lang='lat' dir='ltr'>praediclus</span> <span class='ocrx_word' id='word_1_40' title='bbox 1000 796 1172 857; x_wconf 88' lang='lat' dir='ltr'>monachos</span> <span class='ocrx_word' id='word_1_41' title='bbox 1186 801 1220 857; x_wconf 83' lang='lat' dir='ltr'>et</span> 
     </span>
     <span class='ocr_line' id='line_1_6' title="bbox 64 886 1219 972; baseline 0.003 -22"><span class='ocrx_word' id='word_1_42' title='bbox 64 886 248 951; x_wconf 87' lang='lat' dir='ltr'>Henricum</span> <span class='ocrx_word' id='word_1_43' title='bbox 261 886 479 962; x_wconf 74' lang='lat' dir='ltr'>balistarium,</span> <span class='ocrx_word' id='word_1_44' title='bbox 493 893 527 950; x_wconf 76' lang='lat' dir='ltr'>et</span> <span class='ocrx_word' id='word_1_45' title='bbox 548 888 594 950; x_wconf 88' lang='lat' dir='ltr'>sic</span> <span class='ocrx_word' id='word_1_46' title='bbox 615 907 723 949; x_wconf 87' lang='lat' dir='ltr'>versus</span> <span class='ocrx_word' id='word_1_47' title='bbox 744 892 887 950; x_wconf 74' lang='lat' dir='ltr'>austrum</span> <span class='ocrx_word' id='word_1_48' title='bbox 909 910 1009 972; x_wconf 86' lang='lat' dir='ltr'>nsque</span> <span class='ocrx_word' id='word_1_49' title='bbox 1031 892 1071 953; x_wconf 87' lang='lat' dir='ltr'>ad</span> <span class='ocrx_word' id='word_1_50' title='bbox 1094 911 1219 953; x_wconf 87' lang='lat' dir='ltr'>crucem</span> 
     </span>
     <span class='ocr_line' id='line_1_7' title="bbox 64 982 1220 1070; baseline 0.003 -23"><span class='ocrx_word' id='word_1_51' title='bbox 64 985 208 1068; x_wconf 78' lang='lat' dir='ltr'><strong>positam</strong></span> <span class='ocrx_word' id='word_1_52' title='bbox 230 1005 324 1067; x_wconf 90' lang='lat' dir='ltr'>super</span> <span class='ocrx_word' id='word_1_53' title='bbox 346 982 377 1046; x_wconf 90' lang='lat' dir='ltr'>le</span> <span class='ocrx_word' id='word_1_54' title='bbox 393 983 491 1047; x_wconf 86' lang='lat' dir='ltr'>Swira</span> <span class='ocrx_word' id='word_1_55' title='bbox 513 983 553 1046; x_wconf 90' lang='lat' dir='ltr'>de</span> <span class='ocrx_word' id='word_1_56' title='bbox 572 983 729 1061; x_wconf 78' lang='lat' dir='ltr'>Fasiside,</span> <span class='ocrx_word' id='word_1_57' title='bbox 745 991 779 1047; x_wconf 80' lang='lat' dir='ltr'>et</span> <span class='ocrx_word' id='word_1_58' title='bbox 801 986 846 1046; x_wconf 86' lang='lat' dir='ltr'>sic</span> <span class='ocrx_word' id='word_1_59' title='bbox 867 1006 974 1048; x_wconf 91' lang='lat' dir='ltr'>versus</span> <span class='ocrx_word' id='word_1_60' title='bbox 995 993 1140 1050; x_wconf 74' lang='lat' dir='ltr'>austrum</span> <span class='ocrx_word' id='word_1_61' title='bbox 1163 1008 1220 1070; x_wconf 88' lang='lat' dir='ltr'>per</span> 
     </span>
     <span class='ocr_line' id='line_1_8' title="bbox 67 1078 1219 1165; baseline 0.002 -22"><span class='ocrx_word' id='word_1_62' title='bbox 67 1100 177 1143; x_wconf 84' lang='lat' dir='ltr'>cruces</span> <span class='ocrx_word' id='word_1_63' title='bbox 197 1099 298 1162; x_wconf 87' lang='lat' dir='ltr'>usque</span> <span class='ocrx_word' id='word_1_64' title='bbox 319 1080 357 1141; x_wconf 91' lang='lat' dir='ltr'>in</span> <span class='ocrx_word' id='word_1_65' title='bbox 372 1079 493 1158; x_wconf 76' lang='lat' dir='ltr'>Kclret,</span> <span class='ocrx_word' id='word_1_66' title='bbox 507 1078 565 1140; x_wconf 91' lang='lat' dir='ltr'>ubi</span> <span class='ocrx_word' id='word_1_67' title='bbox 586 1099 662 1140; x_wconf 87' lang='lat' dir='ltr'>crux</span> <span class='ocrx_word' id='word_1_68' title='bbox 684 1080 791 1160; x_wconf 79' lang='lat' dir='ltr'>posita</span> <span class='ocrx_word' id='word_1_69' title='bbox 811 1085 860 1142; x_wconf 77' lang='lat' dir='ltr'>est</span> <span class='ocrx_word' id='word_1_70' title='bbox 882 1101 975 1163; x_wconf 89' lang='lat' dir='ltr'>super</span> <span class='ocrx_word' id='word_1_71' title='bbox 996 1084 1111 1165; x_wconf 85' lang='lat' dir='ltr'>ripam,</span> <span class='ocrx_word' id='word_1_72' title='bbox 1125 1089 1159 1145; x_wconf 85' lang='lat' dir='ltr'>et</span> <span class='ocrx_word' id='word_1_73' title='bbox 1174 1084 1219 1145; x_wconf 87' lang='lat' dir='ltr'>sic</span> 
     </span>
     <span class='ocr_line' id='line_1_9' title="bbox 67 1174 1219 1258; baseline 0.001 -18"><span class='ocrx_word' id='word_1_74' title='bbox 67 1176 266 1241; x_wconf 82' lang='lat' dir='ltr'>ascendendo</span> <span class='ocrx_word' id='word_1_75' title='bbox 280 1196 338 1258; x_wconf 89' lang='lat' dir='ltr'>per</span> <span class='ocrx_word' id='word_1_76' title='bbox 352 1174 462 1238; x_wconf 83' lang='lat' dir='ltr'>Koket</span> <span class='ocrx_word' id='word_1_77' title='bbox 475 1196 576 1258; x_wconf 86' lang='lat' dir='ltr'>usque</span> <span class='ocrx_word' id='word_1_78' title='bbox 589 1175 631 1237; x_wconf 88' lang='lat' dir='ltr'>ad</span> <span class='ocrx_word' id='word_1_79' title='bbox 646 1175 890 1257; x_wconf 86' lang='lat' dir='ltr'>Ruhopebume,</span> <span class='ocrx_word' id='word_1_80' title='bbox 906 1182 940 1239; x_wconf 82' lang='lat' dir='ltr'>et</span> <span class='ocrx_word' id='word_1_81' title='bbox 960 1179 1005 1240; x_wconf 88' lang='lat' dir='ltr'>sic</span> <span class='ocrx_word' id='word_1_82' title='bbox 1022 1180 1219 1242; x_wconf 89' lang='lat' dir='ltr'>ascendendo</span> 
     </span>
     <span class='ocr_line' id='line_1_10' title="bbox 69 1270 1218 1359; baseline 0.001 -24"><span class='ocrx_word' id='word_1_83' title='bbox 69 1294 128 1356; x_wconf 85' lang='lat' dir='ltr'>per</span> <span class='ocrx_word' id='word_1_84' title='bbox 146 1271 382 1354; x_wconf 85' lang='lat' dir='ltr'>Ruhopeburne</span> <span class='ocrx_word' id='word_1_85' title='bbox 407 1291 507 1353; x_wconf 87' lang='lat' dir='ltr'>usque</span> <span class='ocrx_word' id='word_1_86' title='bbox 531 1271 572 1333; x_wconf 89' lang='lat' dir='ltr'>ad</span> <span class='ocrx_word' id='word_1_87' title='bbox 599 1270 694 1332; x_wconf 92' lang='lat' dir='ltr'>illum</span> <span class='ocrx_word' id='word_1_88' title='bbox 720 1271 829 1333; x_wconf 86' lang='lat' dir='ltr'>locum</span> <span class='ocrx_word' id='word_1_89' title='bbox 852 1273 909 1334; x_wconf 91' lang='lat' dir='ltr'>nbi</span> <span class='ocrx_word' id='word_1_90' title='bbox 933 1275 1055 1337; x_wconf 89' lang='lat' dir='ltr'>rivulus</span> <span class='ocrx_word' id='word_1_91' title='bbox 1084 1276 1124 1337; x_wconf 89' lang='lat' dir='ltr'>de</span> <span class='ocrx_word' id='word_1_92' title='bbox 1139 1275 1218 1359; x_wconf 83' lang='lat' dir='ltr'>Slyn</span> 
     </span>
     <span class='ocr_line' id='line_1_11' title="bbox 68 1366 1220 1453; baseline 0.002 -22"><span class='ocrx_word' id='word_1_93' title='bbox 68 1369 160 1431; x_wconf 74' lang='lat' dir='ltr'>cadit</span> <span class='ocrx_word' id='word_1_94' title='bbox 181 1370 217 1430; x_wconf 92' lang='lat' dir='ltr'>in</span> <span class='ocrx_word' id='word_1_95' title='bbox 239 1368 431 1451; x_wconf 71' lang='lat' dir='ltr'>pradictum</span> <span class='ocrx_word' id='word_1_96' title='bbox 446 1366 691 1449; x_wconf 86' lang='lat' dir='ltr'>Ruhopeburne,</span> <span class='ocrx_word' id='word_1_97' title='bbox 707 1371 740 1429; x_wconf 77' lang='lat' dir='ltr'>ei</span> <span class='ocrx_word' id='word_1_98' title='bbox 763 1368 839 1430; x_wconf 88' lang='lat' dir='ltr'>inde</span> <span class='ocrx_word' id='word_1_99' title='bbox 860 1389 968 1432; x_wconf 86' lang='lat' dir='ltr'>versus</span> <span class='ocrx_word' id='word_1_100' title='bbox 990 1372 1148 1433; x_wconf 76' lang='lat' dir='ltr'>orientem</span> <span class='ocrx_word' id='word_1_101' title='bbox 1163 1392 1220 1453; x_wconf 88' lang='lat' dir='ltr'>per</span> 
     </span>
     <span class='ocr_line' id='line_1_12' title="bbox 68 1463 1220 1549; baseline 0.001 -22"><span class='ocrx_word' id='word_1_102' title='bbox 68 1465 189 1527; x_wconf 72' lang='lat' dir='ltr'>dirim</span> <span class='ocrx_word' id='word_1_103' title='bbox 208 1463 249 1526; x_wconf 87' lang='lat' dir='ltr'>de</span> <span class='ocrx_word' id='word_1_104' title='bbox 263 1463 421 1546; x_wconf 88' lang='lat' dir='ltr'>Ruhoppe</span> <span class='ocrx_word' id='word_1_105' title='bbox 441 1483 540 1544; x_wconf 88' lang='lat' dir='ltr'>usque</span> <span class='ocrx_word' id='word_1_106' title='bbox 561 1464 603 1525; x_wconf 85' lang='lat' dir='ltr'>ad</span> <span class='ocrx_word' id='word_1_107' title='bbox 623 1463 814 1545; x_wconf 69' lang='lat' dir='ltr'>preadictum</span> <span class='ocrx_word' id='word_1_108' title='bbox 836 1466 1015 1528; x_wconf 85' lang='lat' dir='ltr'>wascellum</span> <span class='ocrx_word' id='word_1_109' title='bbox 1037 1469 1220 1549; x_wconf 84' lang='lat' dir='ltr'>proximum</span> 
     </span>
     <span class='ocr_line' id='line_1_13' title="bbox 67 1558 1220 1644; baseline 0.002 -21"><span class='ocrx_word' id='word_1_110' title='bbox 67 1581 110 1623; x_wconf 84' lang='lat' dir='ltr'>ex</span> <span class='ocrx_word' id='word_1_111' title='bbox 120 1559 400 1642; x_wconf 71' lang='lat' dir='ltr'>australipartede</span> <span class='ocrx_word' id='word_1_112' title='bbox 415 1558 683 1621; x_wconf 79' lang='lat' dir='ltr'>Hetherederode.</span> <span class='ocrx_word' id='word_1_113' title='bbox 711 1559 788 1621; x_wconf 87' lang='lat' dir='ltr'>Ten.</span> <span class='ocrx_word' id='word_1_114' title='bbox 801 1565 835 1622; x_wconf 81' lang='lat' dir='ltr'>ei</span> <span class='ocrx_word' id='word_1_115' title='bbox 845 1561 917 1623; x_wconf 89' lang='lat' dir='ltr'>hab.</span> <span class='ocrx_word' id='word_1_116' title='bbox 929 1563 1027 1644; x_wconf 84' lang='lat' dir='ltr'>praed.</span> <span class='ocrx_word' id='word_1_117' title='bbox 1039 1583 1103 1625; x_wconf 88' lang='lat' dir='ltr'>mo.</span> <span class='ocrx_word' id='word_1_118' title='bbox 1112 1564 1152 1625; x_wconf 89' lang='lat' dir='ltr'>de</span> <span class='ocrx_word' id='word_1_119' title='bbox 1168 1584 1220 1625; x_wconf 88' lang='lat' dir='ltr'>me</span> 
     </span>
     <span class='ocr_line' id='line_1_14' title="bbox 69 1653 1220 1741; baseline 0 -22"><span class='ocrx_word' id='word_1_120' title='bbox 69 1662 105 1720; x_wconf 82' lang='lat' dir='ltr'>et</span> <span class='ocrx_word' id='word_1_121' title='bbox 120 1657 187 1718; x_wconf 89' lang='lat' dir='ltr'>her.</span> <span class='ocrx_word' id='word_1_122' title='bbox 202 1675 246 1717; x_wconf 92' lang='lat' dir='ltr'>m.</span> <span class='ocrx_word' id='word_1_123' title='bbox 261 1656 297 1716; x_wconf 90' lang='lat' dir='ltr'>in</span> <span class='ocrx_word' id='word_1_124' title='bbox 311 1655 371 1717; x_wconf 88' lang='lat' dir='ltr'>lib.</span> <span class='ocrx_word' id='word_1_125' title='bbox 386 1674 456 1737; x_wconf 92' lang='lat' dir='ltr'>pur.</span> <span class='ocrx_word' id='word_1_126' title='bbox 471 1659 506 1716; x_wconf 76' lang='lat' dir='ltr'>ei</span> <span class='ocrx_word' id='word_1_127' title='bbox 520 1674 610 1736; x_wconf 84' lang='lat' dir='ltr'>perp.</span> <span class='ocrx_word' id='word_1_128' title='bbox 624 1653 665 1716; x_wconf 92' lang='lat' dir='ltr'>el.</span> <span class='ocrx_word' id='word_1_129' title='bbox 681 1655 914 1718; x_wconf 63' lang='lat' dir='ltr'>calfaciendum</span> <span class='ocrx_word' id='word_1_130' title='bbox 930 1678 1025 1721; x_wconf 88' lang='lat' dir='ltr'>omne</span> <span class='ocrx_word' id='word_1_131' title='bbox 1043 1658 1220 1741; x_wconf 88' lang='lat' dir='ltr'>proficuum</span> 
     </span>
     <span class='ocr_line' id='line_1_15' title="bbox 68 1750 1220 1832; baseline 0.002 -17"><span class='ocrx_word' id='word_1_132' title='bbox 68 1773 165 1815; x_wconf 87' lang='lat' dir='ltr'>suum</span> <span class='ocrx_word' id='word_1_133' title='bbox 185 1752 271 1813; x_wconf 83' lang='lat' dir='ltr'>infra</span> <span class='ocrx_word' id='word_1_134' title='bbox 291 1752 410 1813; x_wconf 77' lang='lat' dir='ltr'>divisas</span> <span class='ocrx_word' id='word_1_135' title='bbox 431 1751 466 1812; x_wconf 94' lang='lat' dir='ltr'>in</span> <span class='ocrx_word' id='word_1_136' title='bbox 487 1771 574 1813; x_wconf 90' lang='lat' dir='ltr'>omn.</span> <span class='ocrx_word' id='word_1_137' title='bbox 596 1750 782 1813; x_wconf 76' lang='lat' dir='ltr'>asiamentis</span> <span class='ocrx_word' id='word_1_138' title='bbox 804 1753 894 1814; x_wconf 87' lang='lat' dir='ltr'>sicud</span> <span class='ocrx_word' id='word_1_139' title='bbox 917 1755 1087 1831; x_wconf 75' lang='lat' dir='ltr'>voluerint,</span> <span class='ocrx_word' id='word_1_140' title='bbox 1109 1755 1220 1832; x_wconf 90' lang='lat' dir='ltr'>libere,</span> 
     </span>
     <span class='ocr_line' id='line_1_16' title="bbox 68 1844 1221 1932; baseline 0.001 -22"><span class='ocrx_word' id='word_1_141' title='bbox 68 1848 192 1932; x_wconf 79' lang='lat' dir='ltr'>quiete,</span> <span class='ocrx_word' id='word_1_142' title='bbox 214 1851 248 1909; x_wconf 80' lang='lat' dir='ltr'>et</span> <span class='ocrx_word' id='word_1_143' title='bbox 270 1844 443 1910; x_wconf 87' lang='lat' dir='ltr'>honorifice</span> <span class='ocrx_word' id='word_1_144' title='bbox 464 1845 506 1907; x_wconf 90' lang='lat' dir='ltr'>ab</span> <span class='ocrx_word' id='word_1_145' title='bbox 527 1846 616 1908; x_wconf 91' lang='lat' dir='ltr'>omni</span> <span class='ocrx_word' id='word_1_146' title='bbox 638 1847 771 1908; x_wconf 89' lang='lat' dir='ltr'>servicio</span> <span class='ocrx_word' id='word_1_147' title='bbox 794 1852 919 1909; x_wconf 84' lang='lat' dir='ltr'>terreno</span> <span class='ocrx_word' id='word_1_148' title='bbox 941 1854 975 1910; x_wconf 82' lang='lat' dir='ltr'>et</span> <span class='ocrx_word' id='word_1_149' title='bbox 997 1850 1155 1911; x_wconf 88' lang='lat' dir='ltr'>demanda</span> <span class='ocrx_word' id='word_1_150' title='bbox 1186 1854 1221 1910; x_wconf 73' lang='grc'>11</span> 
     </span>
     <span class='ocr_line' id='line_1_17' title="bbox 69 1942 1219 2027; baseline -0.002 -19"><span class='ocrx_word' id='word_1_151' title='bbox 69 1946 213 2008; x_wconf 83' lang='lat' dir='ltr'>maxime</span> <span class='ocrx_word' id='word_1_152' title='bbox 227 1964 247 2006; x_wconf 89' lang='lat' dir='ltr'>a</span> <span class='ocrx_word' id='word_1_153' title='bbox 262 1963 342 2006; x_wconf 88' lang='lat' dir='ltr'>serv.</span> <span class='ocrx_word' id='word_1_154' title='bbox 356 1942 443 2005; x_wconf 88' lang='lat' dir='ltr'>dom.</span> <span class='ocrx_word' id='word_1_155' title='bbox 458 1943 543 2025; x_wconf 83' lang='lat' dir='ltr'>regis</span> <span class='ocrx_word' id='word_1_156' title='bbox 558 1942 641 2024; x_wconf 91' lang='lat' dir='ltr'>quod</span> <span class='ocrx_word' id='word_1_157' title='bbox 657 1942 778 2004; x_wconf 80' lang='lat' dir='ltr'>diciim</span> <span class='ocrx_word' id='word_1_158' title='bbox 794 1943 914 2007; x_wconf 78' lang='lat' dir='ltr'>Utwar.</span> <span class='ocrx_word' id='word_1_159' title='bbox 958 1944 1004 2006; x_wconf 78' lang='lat' dir='ltr'>Er</span> <span class='ocrx_word' id='word_1_160' title='bbox 1025 1965 1085 2027; x_wconf 86' lang='lat' dir='ltr'>ego</span> <span class='ocrx_word' id='word_1_161' title='bbox 1105 1946 1219 2006; x_wconf 79' lang='lat' dir='ltr'>ether.</span> 
     </span>
     <span class='ocr_line' id='line_1_18' title="bbox 69 2038 1221 2122; baseline -0.002 -18"><span class='ocrx_word' id='word_1_162' title='bbox 69 2039 333 2104; x_wconf 67' lang='lat' dir='ltr'>marsseilles.</span> <span class='ocrx_word' id='word_1_163' title='bbox 349 2038 447 2122; x_wconf 79' lang='lat' dir='ltr'>praed.</span> <span class='ocrx_word' id='word_1_164' title='bbox 463 2043 583 2101; x_wconf 81' lang='lat' dir='ltr'>terram</span> <span class='ocrx_word' id='word_1_165' title='bbox 597 2038 685 2120; x_wconf 89' lang='lat' dir='ltr'>praef.</span> <span class='ocrx_word' id='word_1_166' title='bbox 701 2058 763 2101; x_wconf 92' lang='lat' dir='ltr'>mo.</span> <span class='ocrx_word' id='word_1_167' title='bbox 779 2044 891 2102; x_wconf 81' lang='lat' dir='ltr'>contra</span> <span class='ocrx_word' id='word_1_168' title='bbox 905 2060 1025 2103; x_wconf 89' lang='lat' dir='ltr'>omnes.</span> <span class='ocrx_word' id='word_1_169' title='bbox 1060 2040 1221 2118; x_wconf 78' lang='lat' dir='ltr'>Testibus,</span> 
     </span>
     <span class='ocr_line' id='line_1_19' title="bbox 69 2141 134 2200; baseline -0.015 0"><span class='ocrx_word' id='word_1_170' title='bbox 69 2141 134 2200; x_wconf 79' lang='lat' dir='ltr'>etc.</span> 
     </span>
    </p>
   </div>
   <div class='ocr_carea' id='block_1_3' title="bbox 135 2326 1347 2415">
    <p class='ocr_par' dir='ltr' id='par_1_3' title="bbox 135 2326 1347 2415">
     <span class='ocr_line' id='line_1_20' title="bbox 135 2326 1347 2415; baseline -0.003 -24"><span class='ocrx_word' id='word_1_171' title='bbox 135 2327 291 2391; x_wconf 85' lang='lat' dir='ltr'>Ricardus</span> <span class='ocrx_word' id='word_1_172' title='bbox 305 2328 347 2390; x_wconf 91' lang='lat' dir='ltr'>de</span> <span class='ocrx_word' id='word_1_173' title='bbox 363 2326 547 2406; x_wconf 85' lang='lat' dir='ltr'>Umfrauill,</span> <span class='ocrx_word' id='word_1_174' title='bbox 562 2327 707 2390; x_wconf 82' lang='lat' dir='ltr'>salutem.</span> <span class='ocrx_word' id='word_1_175' title='bbox 754 2327 870 2391; x_wconf 81' lang='lat' dir='ltr'>Sciatis</span> <span class='ocrx_word' id='word_1_176' title='bbox 892 2349 945 2391; x_wconf 90' lang='lat' dir='ltr'>me</span> <span class='ocrx_word' id='word_1_177' title='bbox 965 2349 1022 2411; x_wconf 88' lang='lat' dir='ltr'>pro</span> <span class='ocrx_word' id='word_1_178' title='bbox 1037 2329 1093 2391; x_wconf 90' lang='lat' dir='ltr'>sal.</span> <span class='ocrx_word' id='word_1_179' title='bbox 1109 2348 1160 2390; x_wconf 91' lang='lat' dir='ltr'>an.</span> <span class='ocrx_word' id='word_1_180' title='bbox 1176 2348 1220 2389; x_wconf 89' lang='lat' dir='ltr'>m.</span> <span class='ocrx_word' id='word_1_181' title='bbox 1288 2347 1347 2415; x_wconf 79' lang='lat' dir='ltr'>viij·</span> 
     </span>
    </p>
   </div>
   <div class='ocr_carea' id='block_1_4' title="bbox 66 2415 1368 2530">
    <p class='ocr_par' dir='ltr' id='par_1_4' title="bbox 66 2415 1368 2530">
     <span class='ocr_line' id='line_1_21' title="bbox 66 2415 1368 2530; baseline -0.005 -42"><span class='ocrx_word' id='word_1_182' title='bbox 66 2429 104 2488; x_wconf 80' lang='lat' dir='ltr'>et</span> <span class='ocrx_word' id='word_1_183' title='bbox 118 2444 172 2487; x_wconf 86' lang='lat' dir='ltr'>ux.</span> <span class='ocrx_word' id='word_1_184' title='bbox 186 2428 222 2487; x_wconf 73' lang='lat' dir='ltr'>et</span> <span class='ocrx_word' id='word_1_185' title='bbox 234 2429 340 2487; x_wconf 75' lang='lat' dir='ltr'>antec.</span> <span class='ocrx_word' id='word_1_186' title='bbox 356 2428 391 2486; x_wconf 84' lang='lat' dir='ltr'>et</span> <span class='ocrx_word' id='word_1_187' title='bbox 404 2423 469 2485; x_wconf 90' lang='lat' dir='ltr'>her.</span> <span class='ocrx_word' id='word_1_188' title='bbox 485 2444 530 2485; x_wconf 87' lang='lat' dir='ltr'>m.</span> <span class='ocrx_word' id='word_1_189' title='bbox 546 2423 618 2486; x_wconf 91' lang='lat' dir='ltr'>ded.</span> <span class='ocrx_word' id='word_1_190' title='bbox 634 2443 722 2486; x_wconf 88' lang='lat' dir='ltr'>conc.</span> <span class='ocrx_word' id='word_1_191' title='bbox 737 2428 771 2485; x_wconf 74' lang='grc'>11</span> <span class='ocrx_word' id='word_1_192' title='bbox 786 2423 818 2485; x_wconf 91' lang='lat' dir='ltr'>h.</span> <span class='ocrx_word' id='word_1_193' title='bbox 834 2443 864 2505; x_wconf 92' lang='lat' dir='ltr'>p.</span> <span class='ocrx_word' id='word_1_194' title='bbox 880 2444 907 2485; x_wconf 88' lang='lat' dir='ltr'>c.</span> <span class='ocrx_word' id='word_1_195' title='bbox 923 2444 967 2486; x_wconf 90' lang='lat' dir='ltr'>m.</span> <span class='ocrx_word' id='word_1_196' title='bbox 991 2425 1072 2487; x_wconf 89' lang='lat' dir='ltr'>conf.</span> <span class='ocrx_word' id='word_1_197' title='bbox 1096 2425 1163 2487; x_wconf 90' lang='lat' dir='ltr'>Deo</span> <span class='ocrx_word' id='word_1_198' title='bbox 1187 2428 1220 2486; x_wconf 79' lang='lat' dir='ltr'>et</span> <span class='ocrx_word' id='word_1_199' title='bbox 1245 2415 1368 2530; x_wconf 45' lang='lat' dir='ltr'>fflfff</span> 
     </span>
    </p>
   </div>
   <div class='ocr_carea' id='block_1_5' title="bbox 68 2518 1364 2794">
    <p class='ocr_par' dir='ltr' id='par_1_5' title="bbox 68 2518 1364 2794">
     <span class='ocr_line' id='line_1_22' title="bbox 68 2518 1358 2611; baseline -0.001 -28"><span class='ocrx_word' id='word_1_200' title='bbox 68 2520 105 2584; x_wconf 87' lang='lat' dir='ltr'>S.</span> <span class='ocrx_word' id='word_1_201' title='bbox 120 2519 170 2583; x_wconf 88' lang='grc' dir='ltr'>Μ.</span> <span class='ocrx_word' id='word_1_202' title='bbox 184 2524 219 2582; x_wconf 82' lang='lat' dir='ltr'>et</span> <span class='ocrx_word' id='word_1_203' title='bbox 234 2540 297 2582; x_wconf 90' lang='lat' dir='ltr'>mo.</span> <span class='ocrx_word' id='word_1_204' title='bbox 313 2519 398 2581; x_wconf 85' lang='lat' dir='ltr'>Novi</span> <span class='ocrx_word' id='word_1_205' title='bbox 414 2519 555 2581; x_wconf 79' lang='lat' dir='ltr'>Mania</span> <span class='ocrx_word' id='word_1_206' title='bbox 571 2519 734 2595; x_wconf 83' lang='lat' dir='ltr'>donatam,</span> <span class='ocrx_word' id='word_1_207' title='bbox 746 2518 803 2580; x_wconf 91' lang='lat' dir='ltr'>lib.</span> <span class='ocrx_word' id='word_1_208' title='bbox 820 2539 889 2600; x_wconf 88' lang='lat' dir='ltr'>pur.</span> <span class='ocrx_word' id='word_1_209' title='bbox 905 2523 939 2581; x_wconf 77' lang='lat' dir='ltr'>et</span> <span class='ocrx_word' id='word_1_210' title='bbox 954 2541 1042 2602; x_wconf 88' lang='lat' dir='ltr'>perp.</span> <span class='ocrx_word' id='word_1_211' title='bbox 1058 2521 1098 2583; x_wconf 89' lang='lat' dir='ltr'>el.</span> <span class='ocrx_word' id='word_1_212' title='bbox 1115 2526 1220 2582; x_wconf 78' lang='lat' dir='ltr'>totam</span> <span class='ocrx_word' id='word_1_213' title='bbox 1246 2546 1358 2611; x_wconf 75' lang='lat' dir='ltr'>nepaes.</span> 
     </span>
     <span class='ocr_line' id='line_1_23' title="bbox 68 2611 1364 2726; baseline 0.001 -47"><span class='ocrx_word' id='word_1_214' title='bbox 68 2616 303 2679; x_wconf 69' lang='lat' dir='ltr'>terramillam</span> <span class='ocrx_word' id='word_1_215' title='bbox 326 2614 604 2726; x_wconf 70' lang='lat' dir='ltr'>quamflenricus</span> <span class='ocrx_word' id='word_1_216' title='bbox 629 2614 811 2724; x_wconf 72' lang='lat' dir='ltr'>balistarius</span> <span class='ocrx_word' id='word_1_217' title='bbox 842 2617 951 2677; x_wconf 76' lang='lat' dir='ltr'>tenuit</span> <span class='ocrx_word' id='word_1_218' title='bbox 988 2618 1148 2726; x_wconf 78' lang='lat' dir='ltr'>quondam</span> <span class='ocrx_word' id='word_1_219' title='bbox 1185 2619 1220 2678; x_wconf 89' lang='lat' dir='ltr'>in</span> <span class='ocrx_word' id='word_1_220' title='bbox 1244 2611 1364 2726; x_wconf 44' lang='grc' dir='ltr'><strong>(11)ξὲξῆ</strong></span> 
     </span>
     <span class='ocr_line' id='line_1_24' title="bbox 69 2709 1364 2794; baseline 0.002 -21"><span class='ocrx_word' id='word_1_221' title='bbox 69 2712 212 2794; x_wconf 86' lang='lat' dir='ltr'>Hepden</span> <span class='ocrx_word' id='word_1_222' title='bbox 225 2731 283 2793; x_wconf 88' lang='lat' dir='ltr'>per</span> <span class='ocrx_word' id='word_1_223' title='bbox 298 2712 356 2772; x_wconf 87' lang='lat' dir='ltr'>has</span> <span class='ocrx_word' id='word_1_224' title='bbox 371 2711 487 2773; x_wconf 85' lang='lat' dir='ltr'>drvrsas</span> <span class='ocrx_word' id='word_1_225' title='bbox 502 2709 608 2793; x_wconf 76' lang='lat' dir='ltr'>(aaa),</span> <span class='ocrx_word' id='word_1_226' title='bbox 623 2710 756 2786; x_wconf 82' lang='lat' dir='ltr'>sc1hcel,</span> <span class='ocrx_word' id='word_1_227' title='bbox 771 2710 812 2772; x_wconf 88' lang='lat' dir='ltr'>ab</span> <span class='ocrx_word' id='word_1_228' title='bbox 827 2731 865 2772; x_wconf 90' lang='lat' dir='ltr'>eo</span> <span class='ocrx_word' id='word_1_229' title='bbox 880 2710 950 2773; x_wconf 89' lang='lat' dir='ltr'>loco</span> <span class='ocrx_word' id='word_1_230' title='bbox 965 2713 1021 2774; x_wconf 91' lang='lat' dir='ltr'>ubi</span> <span class='ocrx_word' id='word_1_231' title='bbox 1044 2712 1166 2774; x_wconf 75' lang='lat' dir='ltr'>rivulus</span> <span class='ocrx_word' id='word_1_232' title='bbox 1181 2713 1221 2774; x_wconf 90' lang='lat' dir='ltr'>de</span> <span class='ocrx_word' id='word_1_233' title='bbox 1246 2744 1340 2794; x_wconf 58' lang='lat' dir='ltr'>,mist</span> <span class='ocrx_word' id='word_1_234' title='bbox 1356 2717 1364 2742; x_wconf 82' lang='lat'><strong>¹</strong></span> 
     </span>
    </p>
   </div>
   <div class='ocr_carea' id='block_1_6' title="bbox 70 2805 1220 2891">
    <p class='ocr_par' dir='ltr' id='par_1_6' title="bbox 70 2805 1220 2891">
     <span class='ocr_line' id='line_1_25' title="bbox 70 2805 1220 2891; baseline 0 -22"><span class='ocrx_word' id='word_1_235' title='bbox 70 2806 212 2891; x_wconf 85' lang='lat' dir='ltr'>Hepdcn</span> <span class='ocrx_word' id='word_1_236' title='bbox 226 2806 316 2869; x_wconf 77' lang='lat' dir='ltr'>cadit</span> <span class='ocrx_word' id='word_1_237' title='bbox 329 2807 366 2868; x_wconf 92' lang='lat' dir='ltr'>in</span> <span class='ocrx_word' id='word_1_238' title='bbox 381 2805 491 2869; x_wconf 73' lang='lat' dir='ltr'>Kolret</span> <span class='ocrx_word' id='word_1_239' title='bbox 505 2806 703 2868; x_wconf 81' lang='lat' dir='ltr'>ascendendo</span> <span class='ocrx_word' id='word_1_240' title='bbox 712 2825 813 2886; x_wconf 85' lang='lat' dir='ltr'>usque</span> <span class='ocrx_word' id='word_1_241' title='bbox 827 2806 868 2867; x_wconf 93' lang='lat' dir='ltr'>ad</span> <span class='ocrx_word' id='word_1_242' title='bbox 879 2807 1025 2869; x_wconf 82' lang='lat' dir='ltr'>Atriclou</span> <span class='ocrx_word' id='word_1_243' title='bbox 1035 2808 1220 2869; x_wconf 81' lang='lat' dir='ltr'>ulteriorem</span> 
     </span>
    </p>
   </div>
   <div class='ocr_carea' id='block_1_7' title="bbox 69 2902 1223 3560">
    <p class='ocr_par' dir='ltr' id='par_1_7' title="bbox 69 2902 1223 3560">
     <span class='ocr_line' id='line_1_26' title="bbox 71 2902 1221 2983; baseline -0.003 -17"><span class='ocrx_word' id='word_1_244' title='bbox 71 2922 182 2966; x_wconf 81' lang='lat' dir='ltr'>versus</span> <span class='ocrx_word' id='word_1_245' title='bbox 196 2902 338 2979; x_wconf 85' lang='lat' dir='ltr'>boream,</span> <span class='ocrx_word' id='word_1_246' title='bbox 353 2905 388 2963; x_wconf 84' lang='lat' dir='ltr'>et</span> <span class='ocrx_word' id='word_1_247' title='bbox 401 2902 478 2964; x_wconf 89' lang='lat' dir='ltr'>inde</span> <span class='ocrx_word' id='word_1_248' title='bbox 493 2922 534 2964; x_wconf 89' lang='lat' dir='ltr'>ex</span> <span class='ocrx_word' id='word_1_249' title='bbox 547 2906 727 2963; x_wconf 80' lang='lat' dir='ltr'>transverso</span> <span class='ocrx_word' id='word_1_250' title='bbox 741 2921 841 2983; x_wconf 84' lang='lat' dir='ltr'>usque</span> <span class='ocrx_word' id='word_1_251' title='bbox 856 2902 896 2963; x_wconf 87' lang='lat' dir='ltr'>ad</span> <span class='ocrx_word' id='word_1_252' title='bbox 913 2902 1089 2978; x_wconf 87' lang='lat' dir='ltr'>Hardrode,</span> <span class='ocrx_word' id='word_1_253' title='bbox 1101 2908 1135 2964; x_wconf 80' lang='lat' dir='ltr'>et</span> <span class='ocrx_word' id='word_1_254' title='bbox 1145 2903 1221 2964; x_wconf 88' lang='lat' dir='ltr'>inde</span> 
     </span>
     <span class='ocr_line' id='line_1_27' title="bbox 69 2995 1223 3081; baseline -0.002 -20"><span class='ocrx_word' id='word_1_255' title='bbox 69 3018 173 3081; x_wconf 87' lang='lat' dir='ltr'>nsque</span> <span class='ocrx_word' id='word_1_256' title='bbox 194 2998 236 3061; x_wconf 85' lang='lat' dir='ltr'>ad</span> <span class='ocrx_word' id='word_1_257' title='bbox 253 2997 441 3081; x_wconf 76' lang='lat' dir='ltr'>junctatum</span> <span class='ocrx_word' id='word_1_258' title='bbox 461 2997 574 3059; x_wconf 81' lang='lat' dir='ltr'><strong>subtus</strong></span> <span class='ocrx_word' id='word_1_259' title='bbox 587 2996 619 3058; x_wconf 87' lang='lat' dir='ltr'>le</span> <span class='ocrx_word' id='word_1_260' title='bbox 635 2995 771 3073; x_wconf 72' lang='lat' dir='ltr'>(landos,</span> <span class='ocrx_word' id='word_1_261' title='bbox 787 3002 820 3059; x_wconf 81' lang='lat' dir='ltr'>et</span> <span class='ocrx_word' id='word_1_262' title='bbox 835 2997 910 3059; x_wconf 89' lang='lat' dir='ltr'>inde</span> <span class='ocrx_word' id='word_1_263' title='bbox 924 2998 1143 3060; x_wconf 87' lang='lat' dir='ltr'>descendendo</span> <span class='ocrx_word' id='word_1_264' title='bbox 1165 3018 1223 3079; x_wconf 90' lang='lat' dir='ltr'>per</span> 
     </span>
     <span class='ocr_line' id='line_1_28' title="bbox 70 3092 1220 3179; baseline -0.003 -22"><span class='ocrx_word' id='word_1_265' title='bbox 70 3095 267 3179; x_wconf 70' lang='lat' dir='ltr'>pendentem</span> <span class='ocrx_word' id='word_1_266' title='bbox 282 3093 412 3155; x_wconf 81' lang='lat' dir='ltr'>salicem</span> <span class='ocrx_word' id='word_1_267' title='bbox 426 3094 461 3155; x_wconf 92' lang='lat' dir='ltr'>in</span> <span class='ocrx_word' id='word_1_268' title='bbox 477 3093 651 3176; x_wconf 70' lang='lat' dir='ltr'>Fascesyde</span> <span class='ocrx_word' id='word_1_269' title='bbox 665 3112 766 3173; x_wconf 87' lang='lat' dir='ltr'>usque</span> <span class='ocrx_word' id='word_1_270' title='bbox 781 3094 817 3153; x_wconf 89' lang='lat' dir='ltr'>in</span> <span class='ocrx_word' id='word_1_271' title='bbox 833 3092 951 3155; x_wconf 76' lang='lat' dir='ltr'>Kokei.</span> <span class='ocrx_word' id='word_1_272' title='bbox 997 3094 1076 3155; x_wconf 88' lang='lat' dir='ltr'>Ten.</span> <span class='ocrx_word' id='word_1_273' title='bbox 1092 3098 1127 3155; x_wconf 77' lang='lat' dir='ltr'>ct</span> <span class='ocrx_word' id='word_1_274' title='bbox 1145 3094 1220 3155; x_wconf 72' lang='lat' dir='ltr'>hals.</span> 
     </span>
     <span class='ocr_line' id='line_1_29' title="bbox 71 3188 1222 3273; baseline -0.003 -20"><span class='ocrx_word' id='word_1_275' title='bbox 71 3189 171 3273; x_wconf 81' lang='lat' dir='ltr'>praed.</span> <span class='ocrx_word' id='word_1_276' title='bbox 183 3209 248 3251; x_wconf 90' lang='lat' dir='ltr'>mo.</span> <span class='ocrx_word' id='word_1_277' title='bbox 264 3188 305 3251; x_wconf 85' lang='lat' dir='ltr'>de</span> <span class='ocrx_word' id='word_1_278' title='bbox 320 3208 374 3251; x_wconf 88' lang='lat' dir='ltr'>me</span> <span class='ocrx_word' id='word_1_279' title='bbox 388 3192 422 3250; x_wconf 78' lang='lat' dir='ltr'>et</span> <span class='ocrx_word' id='word_1_280' title='bbox 432 3189 500 3250; x_wconf 90' lang='lat' dir='ltr'>her.</span> <span class='ocrx_word' id='word_1_281' title='bbox 516 3209 561 3251; x_wconf 92' lang='lat' dir='ltr'>m.</span> <span class='ocrx_word' id='word_1_282' title='bbox 576 3188 656 3250; x_wconf 88' lang='lat' dir='ltr'>adeo</span> <span class='ocrx_word' id='word_1_283' title='bbox 671 3188 771 3250; x_wconf 88' lang='lat' dir='ltr'>libere</span> <span class='ocrx_word' id='word_1_284' title='bbox 786 3191 820 3248; x_wconf 81' lang='lat' dir='ltr'>et</span> <span class='ocrx_word' id='word_1_285' title='bbox 835 3189 901 3270; x_wconf 87' lang='lat' dir='ltr'>qui.</span> <span class='ocrx_word' id='word_1_286' title='bbox 917 3188 959 3250; x_wconf 88' lang='lat' dir='ltr'>ab</span> <span class='ocrx_word' id='word_1_287' title='bbox 973 3209 1060 3251; x_wconf 90' lang='lat' dir='ltr'>omn.</span> <span class='ocrx_word' id='word_1_288' title='bbox 1083 3209 1164 3250; x_wconf 84' lang='lat' dir='ltr'>serv.</span> <span class='ocrx_word' id='word_1_289' title='bbox 1187 3193 1222 3250; x_wconf 79' lang='lat' dir='ltr'>et</span> 
     </span>
     <span class='ocr_line' id='line_1_30' title="bbox 69 3282 1222 3365; baseline -0.003 -18"><span class='ocrx_word' id='word_1_290' title='bbox 69 3304 159 3348; x_wconf 84' lang='lat' dir='ltr'>cons.</span> <span class='ocrx_word' id='word_1_291' title='bbox 173 3289 209 3346; x_wconf 85' lang='lat' dir='ltr'>et</span> <span class='ocrx_word' id='word_1_292' title='bbox 223 3283 309 3347; x_wconf 91' lang='lat' dir='ltr'>dem.</span> <span class='ocrx_word' id='word_1_293' title='bbox 324 3283 414 3345; x_wconf 83' lang='lat' dir='ltr'>sicud</span> <span class='ocrx_word' id='word_1_294' title='bbox 428 3282 539 3365; x_wconf 87' lang='lat' dir='ltr'>aliqua</span> <span class='ocrx_word' id='word_1_295' title='bbox 553 3282 595 3345; x_wconf 88' lang='lat' dir='ltr'>el.</span> <span class='ocrx_word' id='word_1_296' title='bbox 610 3283 744 3344; x_wconf 89' lang='lat' dir='ltr'>liberius</span> <span class='ocrx_word' id='word_1_297' title='bbox 759 3286 794 3344; x_wconf 81' lang='lat' dir='ltr'>ei</span> <span class='ocrx_word' id='word_1_298' title='bbox 808 3284 872 3364; x_wconf 90' lang='lat' dir='ltr'>qui.</span> <span class='ocrx_word' id='word_1_299' title='bbox 888 3286 994 3364; x_wconf 68' lang='lat' dir='ltr'>potest</span> <span class='ocrx_word' id='word_1_300' title='bbox 1008 3283 1078 3345; x_wconf 89' lang='lat' dir='ltr'>dari</span> <span class='ocrx_word' id='word_1_301' title='bbox 1101 3288 1135 3344; x_wconf 77' lang='lat' dir='ltr'>et</span> <span class='ocrx_word' id='word_1_302' title='bbox 1149 3304 1222 3365; x_wconf 84' lang='lat' dir='ltr'>pos·</span> 
     </span>
     <span class='ocr_line' id='line_1_31' title="bbox 72 3378 1220 3462; baseline -0.004 -19"><span class='ocrx_word' id='word_1_303' title='bbox 72 3380 181 3443; x_wconf 86' lang='lat' dir='ltr'>sideri.</span> <span class='ocrx_word' id='word_1_304' title='bbox 207 3380 254 3442; x_wconf 81' lang='lat' dir='ltr'>El</span> <span class='ocrx_word' id='word_1_305' title='bbox 267 3398 329 3462; x_wconf 80' lang='lat' dir='ltr'>ego</span> <span class='ocrx_word' id='word_1_306' title='bbox 344 3378 415 3442; x_wconf 86' lang='lat' dir='ltr'>Ric.</span> <span class='ocrx_word' id='word_1_307' title='bbox 432 3382 467 3440; x_wconf 79' lang='lat' dir='ltr'>et</span> <span class='ocrx_word' id='word_1_308' title='bbox 479 3379 546 3442; x_wconf 91' lang='lat' dir='ltr'>her.</span> <span class='ocrx_word' id='word_1_309' title='bbox 562 3399 607 3441; x_wconf 90' lang='lat' dir='ltr'>m.</span> <span class='ocrx_word' id='word_1_310' title='bbox 622 3398 695 3441; x_wconf 84' lang='lat' dir='ltr'>war.</span> <span class='ocrx_word' id='word_1_311' title='bbox 712 3383 747 3440; x_wconf 85' lang='lat' dir='ltr'>et</span> <span class='ocrx_word' id='word_1_312' title='bbox 761 3379 825 3440; x_wconf 86' lang='lat' dir='ltr'>def.</span> <span class='ocrx_word' id='word_1_313' title='bbox 840 3378 938 3460; x_wconf 84' lang='lat' dir='ltr'>praed.</span> <span class='ocrx_word' id='word_1_314' title='bbox 955 3399 1018 3440; x_wconf 88' lang='lat' dir='ltr'>mo.</span> <span class='ocrx_word' id='word_1_315' title='bbox 1031 3379 1127 3460; x_wconf 66' lang='lat' dir='ltr'>praed.</span> <span class='ocrx_word' id='word_1_316' title='bbox 1143 3384 1220 3441; x_wconf 81' lang='lat' dir='ltr'>terr.</span> 
     </span>
     <span class='ocr_line' id='line_1_32' title="bbox 71 3474 1220 3560; baseline -0.003 -20"><span class='ocrx_word' id='word_1_317' title='bbox 71 3496 131 3560; x_wconf 85' lang='lat' dir='ltr'>per</span> <span class='ocrx_word' id='word_1_318' title='bbox 144 3474 244 3560; x_wconf 80' lang='lat' dir='ltr'>praed.</span> <span class='ocrx_word' id='word_1_319' title='bbox 253 3475 373 3539; x_wconf 83' lang='lat' dir='ltr'>divisas</span> <span class='ocrx_word' id='word_1_320' title='bbox 383 3479 496 3538; x_wconf 82' lang='lat' dir='ltr'>contra</span> <span class='ocrx_word' id='word_1_321' title='bbox 507 3495 594 3537; x_wconf 91' lang='lat' dir='ltr'>omn.</span> <span class='ocrx_word' id='word_1_322' title='bbox 606 3474 753 3537; x_wconf 88' lang='lat' dir='ltr'>homines</span> <span class='ocrx_word' id='word_1_323' title='bbox 768 3478 801 3536; x_wconf 77' lang='lat' dir='ltr'>ei</span> <span class='ocrx_word' id='word_1_324' title='bbox 817 3475 964 3537; x_wconf 87' lang='lat' dir='ltr'>feminas.</span> <span class='ocrx_word' id='word_1_325' title='bbox 987 3475 1062 3537; x_wconf 89' lang='lat' dir='ltr'>Hiis</span> <span class='ocrx_word' id='word_1_326' title='bbox 1075 3474 1220 3537; x_wconf 75' lang='lat' dir='ltr'>testibus.</span> 
     </span>
    </p>
   </div>
   <div class='ocr_carea' id='block_1_8' title="bbox 74 3663 1394 4416">
    <p class='ocr_par' dir='ltr' id='par_1_8' title="bbox 74 3663 1394 4416">
     <span class='ocr_line' id='line_1_33' title="bbox 139 3663 1354 3754; baseline -0.004 -23"><span class='ocrx_word' id='word_1_327' title='bbox 139 3667 302 3731; x_wconf 83' lang='lat' dir='ltr'>Henricus</span> <span class='ocrx_word' id='word_1_328' title='bbox 316 3665 509 3742; x_wconf 83' lang='lat' dir='ltr'>balistarius,</span> <span class='ocrx_word' id='word_1_329' title='bbox 520 3664 671 3728; x_wconf 74' lang='lat' dir='ltr'>salutem.</span> <span class='ocrx_word' id='word_1_330' title='bbox 698 3663 730 3725; x_wconf 90' lang='lat' dir='ltr'>N</span> <span class='ocrx_word' id='word_1_331' title='bbox 732 3684 781 3727; x_wconf 89' lang='lat' dir='ltr'>ov.</span> <span class='ocrx_word' id='word_1_332' title='bbox 801 3685 854 3727; x_wconf 91' lang='lat' dir='ltr'>me</span> <span class='ocrx_word' id='word_1_333' title='bbox 869 3665 1024 3729; x_wconf 82' lang='lat' dir='ltr'>relaxasse</span> <span class='ocrx_word' id='word_1_334' title='bbox 1039 3671 1073 3728; x_wconf 82' lang='lat' dir='ltr'>et</span> <span class='ocrx_word' id='word_1_335' title='bbox 1088 3686 1119 3748; x_wconf 88' lang='lat' dir='ltr'>p.</span> <span class='ocrx_word' id='word_1_336' title='bbox 1132 3688 1159 3728; x_wconf 92' lang='lat' dir='ltr'>c.</span> <span class='ocrx_word' id='word_1_337' title='bbox 1176 3687 1220 3728; x_wconf 93' lang='lat' dir='ltr'>m.</span> <span class='ocrx_word' id='word_1_338' title='bbox 1289 3678 1354 3754; x_wconf 33' lang='lat' dir='ltr'>&#39;ix-¹</span> 
     </span>
     <span class='ocr_line' id='line_1_34' title="bbox 74 3744 1382 3857; baseline -0.003 -30"><span class='ocrx_word' id='word_1_339' title='bbox 74 3764 222 3846; x_wconf 76' lang='lat' dir='ltr'>quietum</span> <span class='ocrx_word' id='word_1_340' title='bbox 244 3761 400 3825; x_wconf 88' lang='lat' dir='ltr'>clamasse</span> <span class='ocrx_word' id='word_1_341' title='bbox 422 3761 463 3823; x_wconf 85' lang='lat' dir='ltr'>de</span> <span class='ocrx_word' id='word_1_342' title='bbox 485 3781 539 3823; x_wconf 88' lang='lat' dir='ltr'>me</span> <span class='ocrx_word' id='word_1_343' title='bbox 560 3765 594 3823; x_wconf 74' lang='lat' dir='ltr'>ei</span> <span class='ocrx_word' id='word_1_344' title='bbox 617 3760 682 3822; x_wconf 91' lang='lat' dir='ltr'>her.</span> <span class='ocrx_word' id='word_1_345' title='bbox 706 3761 843 3822; x_wconf 83' lang='lat' dir='ltr'>maisin</span> <span class='ocrx_word' id='word_1_346' title='bbox 866 3767 1066 3843; x_wconf 81' lang='lat' dir='ltr'>perpetuum,</span> <span class='ocrx_word' id='word_1_347' title='bbox 1091 3762 1221 3824; x_wconf 90' lang='lat' dir='ltr'>domino</span> <span class='ocrx_word' id='word_1_348' title='bbox 1246 3744 1382 3857; x_wconf 41' lang='lat' dir='ltr'>&lt;liupergam</span> 
     </span>
     <span class='ocr_line' id='line_1_35' title="bbox 76 3819 1380 3938; baseline 0 -15"><span class='ocrx_word' id='word_1_349' title='bbox 76 3858 224 3923; x_wconf 75' lang='lat' dir='ltr'>Gilberio</span> <span class='ocrx_word' id='word_1_350' title='bbox 239 3858 280 3920; x_wconf 87' lang='lat' dir='ltr'>de</span> <span class='ocrx_word' id='word_1_351' title='bbox 292 3856 469 3920; x_wconf 86' lang='lat' dir='ltr'>Umfrauill</span> <span class='ocrx_word' id='word_1_352' title='bbox 483 3859 518 3919; x_wconf 79' lang='lat' dir='ltr'>et</span> <span class='ocrx_word' id='word_1_353' title='bbox 529 3854 790 3917; x_wconf 83' lang='lat' dir='ltr'>monachisNovi</span> <span class='ocrx_word' id='word_1_354' title='bbox 803 3855 992 3918; x_wconf 75' lang='lat' dir='ltr'>Monasterii</span> <span class='ocrx_word' id='word_1_355' title='bbox 1004 3862 1111 3918; x_wconf 74' lang='lat' dir='ltr'>toturn</span> <span class='ocrx_word' id='word_1_356' title='bbox 1122 3858 1222 3938; x_wconf 79' lang='lat' dir='ltr'>juset</span> <span class='ocrx_word' id='word_1_357' title='bbox 1246 3819 1380 3925; x_wconf 49' lang='grc'><strong>1111111110</strong></span> 
     </span>
     <span class='ocr_line' id='line_1_36' title="bbox 74 3940 1394 4035; baseline -0.002 -17"><span class='ocrx_word' id='word_1_358' title='bbox 74 3955 229 4018; x_wconf 85' lang='lat' dir='ltr'>clsmium</span> <span class='ocrx_word' id='word_1_359' title='bbox 244 3953 330 4035; x_wconf 91' lang='lat' dir='ltr'>quod</span> <span class='ocrx_word' id='word_1_360' title='bbox 342 3952 452 4034; x_wconf 87' lang='lat' dir='ltr'>aliquo</span> <span class='ocrx_word' id='word_1_361' title='bbox 466 3956 612 4033; x_wconf 80' lang='lat' dir='ltr'>tempore</span> <span class='ocrx_word' id='word_1_362' title='bbox 626 3950 799 4012; x_wconf 86' lang='lat' dir='ltr'>habuimus</span> <span class='ocrx_word' id='word_1_363' title='bbox 814 3952 864 4013; x_wconf 88' lang='lat' dir='ltr'>vel</span> <span class='ocrx_word' id='word_1_364' title='bbox 875 3952 991 4013; x_wconf 87' lang='lat' dir='ltr'>habere</span> <span class='ocrx_word' id='word_1_365' title='bbox 1005 3953 1171 4033; x_wconf 79' lang='lat' dir='ltr'>potuimus</span> <span class='ocrx_word' id='word_1_366' title='bbox 1186 3954 1219 4015; x_wconf 91' lang='lat' dir='ltr'>in</span> <span class='ocrx_word' id='word_1_367' title='bbox 1246 3940 1394 4016; x_wconf 75' lang='lat' dir='ltr'>Umfnrill,</span> 
     </span>
     <span class='ocr_line' id='line_1_37' title="bbox 75 4007 1383 4130; baseline -0.004 -16"><span class='ocrx_word' id='word_1_368' title='bbox 75 4056 159 4114; x_wconf 74' lang='lat' dir='ltr'>terra</span> <span class='ocrx_word' id='word_1_369' title='bbox 180 4050 222 4112; x_wconf 90' lang='lat' dir='ltr'>de</span> <span class='ocrx_word' id='word_1_370' title='bbox 244 4046 384 4130; x_wconf 87' lang='lat' dir='ltr'>Hepden</span> <span class='ocrx_word' id='word_1_371' title='bbox 406 4068 482 4109; x_wconf 86' lang='lat' dir='ltr'>cum</span> <span class='ocrx_word' id='word_1_372' title='bbox 505 4047 726 4129; x_wconf 81' lang='lat' dir='ltr'>pertinenciis,</span> <span class='ocrx_word' id='word_1_373' title='bbox 745 4066 844 4128; x_wconf 91' lang='lat' dir='ltr'>quam</span> <span class='ocrx_word' id='word_1_374' title='bbox 867 4052 985 4109; x_wconf 82' lang='lat' dir='ltr'>terram</span> <span class='ocrx_word' id='word_1_375' title='bbox 1008 4067 1068 4128; x_wconf 83' lang='lat' dir='ltr'>ego</span> <span class='ocrx_word' id='word_1_376' title='bbox 1090 4048 1221 4110; x_wconf 84' lang='lat' dir='ltr'>vendidi</span> <span class='ocrx_word' id='word_1_377' title='bbox 1246 4007 1383 4121; x_wconf 50' lang='lat' dir='ltr'>Efflffl.</span> 
     </span>
     <span class='ocr_line' id='line_1_38' title="bbox 76 4138 1334 4225; baseline -0.003 -16"><span class='ocrx_word' id='word_1_378' title='bbox 76 4146 206 4209; x_wconf 87' lang='lat' dir='ltr'>domino</span> <span class='ocrx_word' id='word_1_379' title='bbox 227 4163 302 4207; x_wconf 85' lang='lat' dir='ltr'>meo</span> <span class='ocrx_word' id='word_1_380' title='bbox 324 4143 461 4205; x_wconf 84' lang='lat' dir='ltr'>Ricardo</span> <span class='ocrx_word' id='word_1_381' title='bbox 484 4141 524 4204; x_wconf 90' lang='lat' dir='ltr'>de</span> <span class='ocrx_word' id='word_1_382' title='bbox 546 4141 722 4205; x_wconf 87' lang='lat' dir='ltr'>Umfrauill</span> <span class='ocrx_word' id='word_1_383' title='bbox 745 4162 802 4223; x_wconf 89' lang='lat' dir='ltr'>pro</span> <span class='ocrx_word' id='word_1_384' title='bbox 827 4143 1062 4224; x_wconf 76' lang='lat' dir='ltr'>quinquaginta</span> <span class='ocrx_word' id='word_1_385' title='bbox 1085 4150 1222 4225; x_wconf 77' lang='lat' dir='ltr'>quatuor</span> <span class='ocrx_word' id='word_1_386' title='bbox 1247 4138 1334 4188; x_wconf 78' lang='lat' dir='ltr'>tarius.</span> 
     </span>
     <span class='ocr_line' id='line_1_39' title="bbox 77 4235 1221 4321; baseline -0.002 -18"><span class='ocrx_word' id='word_1_387' title='bbox 77 4242 191 4303; x_wconf 82' lang='lat' dir='ltr'>marcis</span> <span class='ocrx_word' id='word_1_388' title='bbox 204 4258 286 4321; x_wconf 84' lang='lat' dir='ltr'>quas</span> <span class='ocrx_word' id='word_1_389' title='bbox 307 4237 414 4319; x_wconf 78' lang='lat' dir='ltr'>recepi</span> <span class='ocrx_word' id='word_1_390' title='bbox 436 4256 456 4298; x_wconf 89' lang='lat' dir='ltr'>a</span> <span class='ocrx_word' id='word_1_391' title='bbox 478 4236 643 4299; x_wconf 86' lang='lat' dir='ltr'>monachis</span> <span class='ocrx_word' id='word_1_392' title='bbox 665 4235 751 4298; x_wconf 84' lang='lat' dir='ltr'>Novi</span> <span class='ocrx_word' id='word_1_393' title='bbox 774 4236 875 4314; x_wconf 70' lang='lat' dir='ltr'>Mon,</span> <span class='ocrx_word' id='word_1_394' title='bbox 890 4240 924 4298; x_wconf 78' lang='lat' dir='ltr'>et</span> <span class='ocrx_word' id='word_1_395' title='bbox 946 4237 1080 4300; x_wconf 84' lang='lat' dir='ltr'>eandem</span> <span class='ocrx_word' id='word_1_396' title='bbox 1102 4242 1221 4301; x_wconf 77' lang='lat' dir='ltr'>terram</span> 
     </span>
     <span class='ocr_line' id='line_1_40' title="bbox 77 4331 1370 4416; baseline -0.004 -18"><span class='ocrx_word' id='word_1_397' title='bbox 77 4336 182 4399; x_wconf 86' lang='lat' dir='ltr'>eidem</span> <span class='ocrx_word' id='word_1_398' title='bbox 199 4332 338 4398; x_wconf 85' lang='lat' dir='ltr'>Ricardo</span> <span class='ocrx_word' id='word_1_399' title='bbox 360 4332 486 4396; x_wconf 88' lang='lat' dir='ltr'>reddidi</span> <span class='ocrx_word' id='word_1_400' title='bbox 508 4333 544 4393; x_wconf 93' lang='lat' dir='ltr'>in</span> <span class='ocrx_word' id='word_1_401' title='bbox 562 4333 653 4394; x_wconf 87' lang='lat' dir='ltr'>curia</span> <span class='ocrx_word' id='word_1_402' title='bbox 668 4352 725 4394; x_wconf 87' lang='lat' dir='ltr'>sua</span> <span class='ocrx_word' id='word_1_403' title='bbox 739 4331 779 4393; x_wconf 88' lang='lat' dir='ltr'>de</span> <span class='ocrx_word' id='word_1_404' title='bbox 795 4331 974 4410; x_wconf 85' lang='lat' dir='ltr'>Prodehou,</span> <span class='ocrx_word' id='word_1_405' title='bbox 989 4333 1029 4394; x_wconf 90' lang='lat' dir='ltr'>de</span> <span class='ocrx_word' id='word_1_406' title='bbox 1052 4355 1115 4416; x_wconf 86' lang='lat' dir='ltr'>qua</span> <span class='ocrx_word' id='word_1_407' title='bbox 1137 4341 1223 4397; x_wconf 74' lang='lat' dir='ltr'>terra</span> <span class='ocrx_word' id='word_1_408' title='bbox 1247 4342 1370 4394; x_wconf 75' lang='lat' dir='ltr'>Prudhoe.</span> 
     </span>
    </p>
   </div>
   <div class='ocr_carea' id='block_1_9' title="bbox 78 4426 1221 4535">
    <p class='ocr_par' dir='ltr' id='par_1_9' title="bbox 78 4426 1221 4535">
     <span class='ocr_line' id='line_1_41' title="bbox 78 4426 1221 4535; baseline -0.002 -41"><span class='ocrx_word' id='word_1_409' title='bbox 78 4451 150 4494; x_wconf 86' lang='lat' dir='ltr'>cum</span> <span class='ocrx_word' id='word_1_410' title='bbox 165 4428 375 4513; x_wconf 83' lang='lat' dir='ltr'>pertinenciis</span> <span class='ocrx_word' id='word_1_411' title='bbox 389 4427 477 4490; x_wconf 85' lang='lat' dir='ltr'>idern</span> <span class='ocrx_word' id='word_1_412' title='bbox 492 4426 648 4490; x_wconf 85' lang='lat' dir='ltr'>Ricardns</span> <span class='ocrx_word' id='word_1_413' title='bbox 662 4427 804 4490; x_wconf 81' lang='lat' dir='ltr'>feodavit</span> <span class='ocrx_word' id='word_1_414' title='bbox 818 4447 906 4535; x_wconf 53' lang='lat' dir='ltr'>mon:</span> <span class='ocrx_word' id='word_1_415' title='bbox 920 4427 1006 4491; x_wconf 90' lang='lat' dir='ltr'>Novi</span> <span class='ocrx_word' id='word_1_416' title='bbox 1022 4428 1123 4506; x_wconf 90' lang='lat' dir='ltr'>Mon.;</span> <span class='ocrx_word' id='word_1_417' title='bbox 1143 4431 1221 4493; x_wconf 88' lang='lat' dir='ltr'>Ten.</span> 
     </span>
    </p>
   </div>
   <div class='ocr_carea' id='block_1_10' title="bbox 0 0 1483 5048">
    <p class='ocr_par' dir='ltr' id='par_1_10' title="bbox 0 0 1483 5048">
     <span class='ocr_line' id='line_1_42' title="bbox 0 0 1483 5048; baseline 0 0"><span class='ocrx_word' id='word_1_418' title='bbox 0 0 1483 5048; x_wconf 95' lang='lat' dir='ltr'> </span> 
     </span>
    </p>
   </div>
  </div>
 </body>
</html>
