2940 5048
469 318 515 369 Du
539 317 634 369 Novo
660 318 897 371 Morasrumo.

85 504 166 549 cum
186 486 331 569 pasturis
352 489 388 550 et
408 486 615 571 pertinenciis
637 492 749 549 eontra
772 507 881 551 omnes
903 509 977 551 war.
994 489 1028 549 in
1050 493 1251 571 perpetuum.

85 582 255 646 Testibus.

163 765 288 843 Sciant,
303 772 366 831 etc.
390 768 475 851 quod
498 789 559 851 ego
580 768 602 831 J
604 770 744 832 ohannes
761 770 800 832 de
816 769 1000 832 Lettelwell
1023 769 1095 831 ded.
1112 788 1200 831 cone.
1216 771 1250 831 et
1329 765 1378 832 xij·

94 882 128 944 p.
144 883 173 925 c.
189 863 273 926 conf.
289 863 359 926 Deo
373 871 411 926 et
425 884 511 927 mon.
527 865 559 926 N
561 866 612 926 ovi
627 864 717 927 Mon.
734 868 768 927 in
784 865 840 928 lib.
857 887 926 948 pur.
943 870 977 927 et
993 886 1080 948 perp.
1093 865 1132 927 el.
1148 885 1250 925 unum
1274 834 1401 949 pgppaopy

95 959 221 1021 toftum
242 959 278 1021 in
294 960 374 1023 villa
388 961 428 1023 de
444 961 592 1037 Kestem‚
608 961 692 1042 quod
708 962 882 1024 Waldeuus
902 962 990 1023 filius
1004 962 1133 1023 Moricii
1149 981 1250 1043 quon·
1274 965 1416 1041 Litrlewelr,

97 1055 173 1116 dam
196 1057 305 1117 tenuit
321 1057 356 1118 in
372 1057 486 1119 eadem
506 1056 593 1131 villa,
609 1064 644 1118 et
659 1057 716 1138 xiij
735 1078 823 1119 acras
846 1063 939 1119 terrae
955 1061 989 1119 et
1000 1057 1013 1139 j
1032 1063 1195 1140 percatam
1211 1078 1249 1118 ex
1273 1032 1425 1148 {zffifn

97 1151 223 1213 oriente
239 1151 279 1213 de
294 1151 559 1235 Hoppelawefiat,
575 1152 711 1229 scilicet,
726 1156 970 1236 propinquiores
994 1159 1089 1216 terrae
1114 1154 1249 1216 Henrici

97 1245 139 1308 de
154 1246 293 1323 Rodum,
308 1252 342 1309 et
357 1248 380 1330 ij
398 1269 486 1310 acras
507 1249 593 1329 prati
615 1269 655 1310 ex
677 1249 825 1330 aquilone
848 1250 888 1310 de
911 1247 1150 1330 Lymkilneflat,
1174 1270 1248 1311 curn

96 1342 248 1405 omnibus
257 1345 466 1424 pertinenciis
477 1343 594 1427 suis,(7
602 1342 655 1426 la)
667 1351 786 1406 etcum
798 1346 944 1407 omnibus
954 1345 1010 1406 lib.
1020 1351 1054 1407 et
1062 1347 1249 1408 asiamentis

96 1438 139 1501 ad
150 1438 265 1500 villam
277 1439 317 1501 de
330 1440 469 1502 Kestern
485 1462 524 1502 ex
538 1440 717 1522 aquilonali
733 1447 823 1523 parte
834 1443 874 1504 de
887 1440 987 1504 Coket
1002 1441 1248 1523 pertinentibus,

97 1541 223 1596 etcum
238 1542 368 1617 pastura
384 1536 439 1618 viij
458 1536 558 1598 bobus
574 1543 608 1598 et
623 1536 645 1617 ij
661 1538 765 1598 vaccis
780 1544 813 1599 et
828 1539 885 1599 uni
901 1537 1024 1599 caballo
1039 1543 1072 1598 et
1084 1537 1116 1598 lx
1126 1538 1246 1600 ovibus.

97 1629 259 1694 Praeterea
283 1632 358 1694 dedi
383 1632 544 1714 praedictis
568 1634 732 1694 monachis
756 1634 917 1715 quandam
942 1639 1067 1714 partem
1093 1641 1185 1695 terrra
1209 1654 1248 1695 ex

97 1726 232 1789 australi
247 1733 339 1810 parte
355 1729 395 1790 de
407 1727 519 1805 Coket,
534 1749 605 1811 quae
620 1736 753 1791 vocatur
769 1729 962 1812 Dunnesley,
977 1750 1034 1810 per
1049 1730 1106 1790 has
1121 1730 1247 1807 divisae,

98 1822 235 1899 scilicet,
261 1823 352 1886 sicud
382 1845 537 1906 magnum
567 1826 631 1886 iter
657 1826 803 1887 extendit
830 1847 862 1887 se
892 1826 931 1887 de
958 1824 1114 1887 Bikerton
1140 1845 1247 1888 versus

99 1918 247 1993 Kestern,
270 1924 304 1981 et
330 1920 420 1982 sica
444 1922 549 2002 capite
576 1922 616 1983 de
640 1920 825 2003 Dunuesley
848 1943 887 1983 ex
914 1921 1062 1983 orientali
1087 1928 1180 2002 parte
1206 1923 1247 1984 de

97 2013 303 2096 Heselycroft
328 2037 436 2078 versus
461 2016 645 2099 aquilonem
672 2038 770 2099 nsque
798 2021 832 2079 in
860 2017 978 2092 Koket,
998 2024 1032 2078 et
1058 2018 1103 2077 sic
1129 2017 1246 2079 deinde

98 2130 205 2172 versus
221 2113 423 2175 occidentem
439 2113 594 2194 usquead
609 2113 805 2175 dominicam
820 2115 860 2175 de
880 2112 1047 2188 Bikerton‚
1063 2113 1151 2174 sicud
1163 2133 1247 2194 aqua

97 2206 137 2269 de
163 2205 269 2271 Coket
298 2208 475 2284 descendit,
501 2216 535 2269 et
561 2210 607 2271 sic
632 2209 753 2270 iterum
780 2231 836 2291 per
862 2211 964 2272 dictas
995 2209 1113 2270 divisas
1140 2230 1246 2270 versus

96 2309 243 2365 austrum
267 2305 424 2386 usquein
446 2325 601 2386 magnum
623 2306 687 2366 iter
707 2306 747 2367 de
768 2305 943 2386 Dunnesly.
988 2305 1148 2367 Praeterea
1170 2305 1245 2367 dedi

97 2400 220 2461 eisdem
242 2401 407 2462 monachis
422 2400 444 2482 ij
461 2421 549 2462 acras
564 2407 657 2463 terrae
673 2422 711 2463 ex
727 2402 878 2463 orientali
900 2407 991 2483 parte
1005 2402 1169 2482 praedictae
1184 2403 1246 2463 viae

97 2495 137 2557 de
162 2494 341 2578 Dunnesly,
367 2518 446 2578 quas
475 2497 573 2558 habui
602 2517 641 2557 ex
671 2496 754 2559 dono
780 2497 898 2579 Rogeri
928 2498 967 2559 de
998 2497 1144 2578 Horsely,
1170 2517 1246 2559 cum

97 2592 247 2653 omnibus
276 2593 460 2671 commodis,
486 2598 555 2653 tam
585 2594 619 2653 in
649 2593 794 2655 aedificiis
824 2614 921 2675 quam
952 2593 1036 2670 aliis,
1062 2614 1133 2675 quae
1163 2594 1247 2655 infra

97 2687 287 2768 praedictam
309 2694 428 2750 terram
450 2689 552 2750 facere
575 2693 738 2770 poterunt,
754 2710 827 2750 cum
848 2694 979 2771 past-ura
994 2697 1045 2751 v¹¹
1060 2690 1246 2752 matricibus

96 2783 209 2845 oribus
230 2803 305 2844 cum
327 2784 456 2865 sequela
478 2805 535 2845 sua
557 2785 652 2845 unius
674 2785 762 2861 anni,
779 2806 817 2846 ex
832 2785 967 2846 australi
983 2789 1073 2868 parte
1089 2786 1128 2847 de
1145 2785 1246 2849 Coket

96 2878 182 2941 infra
207 2883 394 2961 coopertum
416 2884 450 2941 et
472 2886 573 2955 extra,
595 2884 629 2940 et
652 2900 726 2940 curn
753 2884 883 2961 pastura
908 2881 1010 2943 bobus
1036 2883 1101 2943 suis
1127 2887 1245 2942 terram

97 2974 190 3038 illam
205 2977 382 3052 arantibus,
396 2978 552 3059 quamdiu
572 2982 692 3038 terram
713 2976 804 3038 illam
827 2979 989 3038 araverint
1011 2981 1045 3039 et
1068 2998 1141 3039 cum
1165 2979 1246 3039 asia·

96 3077 209 3134 mento
236 3073 384 3154 capiendi
407 3075 448 3136 ad
472 3072 696 3135 edificandum
723 3075 908 3155 praedictam
935 3079 1065 3136 terram.
1110 3075 1187 3135 Ten.
1211 3080 1246 3136 et

83 3167 169 3251 ‚hah
187 3169 285 3249 praed.
301 3188 388 3230 mon.
404 3169 462 3231 lib.
474 3174 507 3230 et
520 3169 585 3251 qui.
597 3169 755 3230 reddendo
772 3169 846 3229 inde
856 3171 1026 3229 annuatim
1036 3170 1161 3230 mihist
1178 3170 1244 3230 her.

96 3265 178 3326 meis
194 3263 271 3346 xviij
289 3264 320 3326 d.
333 3266 373 3326 ad
386 3265 602 3327 Nativitatem
619 3264 731 3327 Sancti
746 3264 767 3327 J
769 3265 902 3325 ohannis
920 3264 1074 3345 Baptistae
1089 3283 1147 3345 pro
1160 3284 1244 3327 omn.

95 3381 177 3422 serv.
205 3381 291 3423 eona.
319 3366 351 3423 et
377 3362 461 3423 dem.
489 3381 561 3443 quae
586 3361 628 3423 ab
654 3360 762 3442 aliqua
788 3366 875 3422 terra
901 3361 987 3442 exigi
1015 3367 1154 3442 possunt.
1201 3361 1246 3422 Et

96 3457 263 3519 sciendum
289 3458 373 3539 quod
404 3458 552 3540 praedieli
582 3457 731 3517 monachi
761 3457 918 3518 dederrmt
948 3457 1028 3517 mihi
1057 3477 1099 3517 xx
1125 3477 1246 3519 marcas

95 3554 224 3636 argenti
240 3574 314 3614 curn
330 3554 444 3636 quibus
459 3553 538 3615 alibi
555 3559 673 3614 terram
689 3554 752 3613 emi
768 3554 808 3614 ad
823 3574 901 3634 opus
916 3553 1070 3614 heredum
1090 3572 1244 3614 meorum.

96 3650 141 3711 Et
167 3669 228 3731 ego
250 3650 282 3712 J.
298 3655 332 3711 et
358 3651 425 3712 her.
448 3670 492 3710 m.
516 3669 587 3711 war.
605 3647 702 3731 praed.
719 3669 806 3710 mon.
830 3654 940 3711 contra
967 3669 1074 3711 omnes
1101 3650 1246 3710 homines

95 3765 208 3806 omnes
237 3746 485 3827 praenominatas
511 3749 613 3808 terras
640 3764 713 3806 eum
745 3747 862 3826 pertin.
892 3747 956 3807 suis
981 3746 1015 3806 in
1042 3750 1243 3828 perpetuum.

94 3841 256 3904 Testibus.

159 4035 282 4111 Sciant,
298 4040 360 4098 etc.
384 4037 468 4118 quod
491 4056 551 4118 ego
574 4035 738 4097 Johannes
763 4034 848 4096 iilius
871 4035 1029 4097 Johaunis
1044 4035 1084 4097 de
1107 4035 1243 4097 Kestem
1313 4033 1373 4101 fiij·

95 4153 184 4194 conc.
197 4138 232 4193 et
247 4151 278 4213 p.
291 4152 319 4192 c.
335 4152 379 4193 m.
395 4133 477 4193 conf.
495 4132 562 4193 Deo
578 4136 612 4193 et
627 4151 712 4192 mon.
729 4131 805 4192 eccl.
823 4131 855 4193 S.
872 4131 920 4192 M.
936 4131 1019 4192 Novi
1035 4132 1125 4193 Mon.
1141 4152 1242 4194 unum
1264 4100 1407 4228 dream,

94 4229 215 4290 toltum
224 4229 260 4289 in
272 4227 351 4289 villa
362 4228 402 4290 de
414 4227 652 4309 Kestem,quod
659 4228 832 4288 Waldeuus
844 4227 929 4288 filius
941 4227 1070 4289 Moricii
1081 4230 1242 4311 quondam
1265 4233 1299 4297 by
1310 4233 1377 4283 John

94 4327 211 4401 tenuit,
227 4331 262 4388 et
277 4327 448 4388 tresdecim
469 4346 557 4388 acras
580 4332 672 4387 terrae
695 4332 728 4386 et
751 4345 849 4386 unam
872 4331 1034 4405 percaram
1057 4347 1095 4388 ex
1119 4328 1241 4390 oriente
1263 4300 1418 4424 {ffiffln'f

93 4423 133 4485 de
164 4420 442 4505 Hoppelawelflat‚
476 4422 611 4518 scilieet,
634 4422 875 4503 propinquiores
909 4426 1002 4484 terrae
1033 4423 1165 4486 Henrici
1200 4424 1240 4487 de
1264 4447 1373 4481 araver-
