2940 5048
328 310 480 365 PORTION
506 309 550 363 ΟΡ
575 310 624 363 ΔΝ
649 309 801 362 nucleus
826 309 928 363 aoth.

52 500 110 560 per
132 479 293 540 consilinm
316 479 504 538 matrissuae
527 477 613 538 dedit
636 477 799 538 conventui
822 478 860 536 de
882 476 1056 538 mum
1076 477 1204 536 advoca-

52 570 171 629 tionem
185 568 316 628 ecclesiae
330 569 368 651 de
381 567 513 644 Horeley,
529 586 585 644 pro
598 586 659 644 qua
677 566 763 644 prior
781 572 813 625 et
832 570 1001 626 conventus
1020 565 1132 624 ibidem
1152 583 1206 644 per

52 664 173 717 cartam
195 656 321 734 capituli
345 656 394 714 sui
415 661 630 714 concesserunt
652 649 735 732 qnod
758 654 826 733 ipsa
850 653 982 713 Domina
1007 653 1147 713 Jotonno
1173 657 1204 712 ot

53 746 188 804 heredes
211 745 269 816 sni,
298 743 423 802 Domini
449 743 487 802 de
513 743 662 822 diospolis,
684 748 901 820 prasentarcut
933 761 1029 801 unum
1063 741 1206 800 clericum

55 832 158 893 subire
172 832 309 891 ordinem
318 851 417 904 sunm,
427 835 458 890 et
471 832 553 908 qnod
567 830 625 909 ipsi
638 849 767 889 canones
781 830 882 908 ipsum
896 829 1040 890 clericum
1049 829 1206 906 recipient.

57 922 147 982 Unde
167 921 294 994 Alanus,
314 920 395 980 filius
414 919 566 995 Jotoanis,
587 918 625 979 de
638 918 795 997 Preelwyk,
809 917 973 998 peripsam
987 916 1149 977 Dominam
1162 915 1207 976 sio

58 1013 256 1090 presentatus
270 1005 353 1068 est.’¹

614 1635 661 1699 11.

464 1854 801 1922 BENEFAOTORS.

127 2060 195 2125 The
217 2061 383 2145 following
404 2061 529 2124 records
552 2062 589 2125 of
615 2061 824 2141 benefactore,
839 2062 994 2145 although
1021 2059 1150 2144 printed
1172 2060 1208 2122 in

60 2157 116 2220 the
147 2158 375 2235 Monosticon‚²
404 2179 458 2220 are
488 2160 564 2221 here
594 2159 789 2241 reproduced
819 2179 860 2221 on
890 2165 1027 2222 account
1056 2158 1093 2220 of
1123 2157 1209 2219 their

60 2260 204 2316 extreme
219 2255 354 2317 interest
370 2255 433 2316 and
455 2256 654 2336 importance
676 2255 711 2317 in
734 2256 923 2318 connection
938 2256 1016 2318 with
1038 2256 1094 2318 the
1116 2253 1209 2316 other

59 2354 208 2413 contente
223 2351 260 2414 of
271 2352 327 2414 the
342 2355 471 2434 present
487 2350 624 2414 volume.

126 2541 176 2605 Dc
190 2539 386 2607 Fuadotorc
411 2547 441 2606 et
457 2541 647 2629 praecipuis
672 2541 947 2628 Bcaesactoiitue
972 2540 1145 2609 Abbothioe
1169 2539 1210 2607 de
1271 2464 1329 2627 N(

61 2636 295 2705 Ncwmioeter.
1288 2666 1295 2705 t

323 2768 389 2850 [Ex
401 2768 621 2851 Martyrologio
635 2771 714 2832 Novi
729 2771 947 2851 Monosterii.¹]
1279 2726 1285 2739 ·

129 2925 287 2989 Dominus
303 2925 492 3009 Ranulphue
516 2926 556 2989 de
571 2926 709 3008 Merlay,
725 2926 912 3008 principalis
927 2926 1080 2990 fundator
1094 2932 1211 3002 noster,
1313 2928 1319 3013 j

65 3026 100 3084 et
132 3021 266 3085 Juliana
305 3043 384 3084 uxor
416 3022 496 3104 ejus,
531 3023 588 3104 qui
621 3022 714 3084 nobis
750 3022 956 3084 contulerunt
985 3024 1086 3084 situm
1115 3022 1211 3104 hujus
1311 3016 1317 3089 ,¹

67 3118 242 3196 abbathiae,
256 3120 428 3201 grangiam
440 3118 480 3180 de
496 3115 654 3180 Hulwane
665 3122 699 3180 et
715 3117 793 3178 duas
808 3117 968 3179 Rittonas.
1014 3117 1212 3179 Willielmus
1309 3104 1313 3119 ¹

65 3215 105 3276 de
129 3214 267 3297 Merlay,
283 3215 428 3298 Rogerus
448 3216 488 3278 de
509 3214 634 3297 Merlay
660 3216 795 3297 primus,
823 3215 977 3296 magister
993 3212 1146 3276 Osbertus
1172 3216 1212 3276 de

63 3310 201 3393 Merlay,
216 3311 278 3373 filii
300 3311 449 3394 praedicti
471 3311 647 3394 Ranulphi,
670 3310 814 3391 Rogerus
829 3311 869 3372 de
891 3308 1018 3390 Merlay
1041 3310 1210 3387 secundus,
1300 3348 1304 3359 ·

63 3407 222 3490 Marjoria
248 3428 328 3470 uxor
353 3408 434 3490 ejus,
459 3408 515 3490 qui
542 3408 635 3469 nobis
661 3406 871 3470 contulerunt
900 3412 965 3468 tres
995 3406 1147 3488 piscarias
1176 3408 1212 3468 in

65 3502 167 3585 Tyna.
213 3503 358 3585 Rogerus
374 3504 414 3564 de
429 3503 553 3586 Merlay
569 3505 695 3579 tertius,
708 3503 764 3585 qui
780 3503 947 3565 renovavit
962 3510 996 3564 et
1010 3501 1213 3564 confirmavit

65 3598 161 3660 nobie
186 3619 297 3661 omnes
320 3598 510 3662 donationes
531 3605 769 3661 antecessorum
791 3618 932 3672 suorum,
955 3605 989 3659 et
1019 3597 1103 3659 obiit
1128 3618 1212 3660 anno
1291 3584 1295 3603 ¹

65 3693 198 3756 Domini
214 3695 350 3772 mcclxv,
365 3700 399 3757 et
415 3695 549 3777 reliquit
570 3700 700 3757 tantum
717 3695 796 3756 duas
812 3694 894 3756 filias
910 3695 1059 3771 heredes,
1075 3714 1212 3776 quarum

64 3791 171 3873 prima
186 3791 360 3853 vocabatur
382 3791 500 3868 Maria,
516 3797 550 3853 et
572 3791 654 3852 hano
677 3790 882 3873 desponsavit
905 3790 1054 3852 dominus
1074 3789 1214 3853 Williel·
1303 3806 1306 3811 ·

63 3907 136 3950 mus
158 3887 235 3951 baro
257 3888 298 3949 de
320 3886 519 3970 Graystoke3
542 3887 683 3950 secunda
706 3887 881 3950 vocabatur
904 3887 1052 3965 Isabella‚
1075 3891 1109 3949 et
1131 3887 1213 3949 hanc

118 4064 127 4096 ¹
143 4061 261 4116 Wallie'e
275 4061 554 4130 ‘Northumberland’
567 4062 646 4131 1769,
658 4061 685 4115 ii.
699 4062 760 4118 297.

114 4140 126 4172 ²
144 4140 325 4210 Monosticon,
338 4160 364 4195 v.
377 4141 439 4195 400.

115 4217 126 4250 ³
144 4218 221 4273 anh
232 4217 319 4290 abbey
330 4219 418 4274 added
430 4218 467 4274 ite
485 4236 547 4273 own
559 4219 627 4274 local
640 4226 740 4274 matter
751 4226 781 4274 to
799 4219 848 4274 the
865 4221 973 4291 general
992 4218 1173 4291 martyrology
1185 4220 1218 4274 of

61 4296 108 4353 the
121 4297 216 4352 Order.
253 4297 312 4352 The
331 4297 481 4353 Oietercian
499 4299 642 4370 menology
656 4316 686 4352 or
697 4299 890 4369 martymlngy,
903 4299 930 4352 in
943 4298 990 4354 the
1002 4299 1071 4353 form
1084 4298 1172 4353 which
1191 4299 1215 4354 it

62 4375 253 4508 liz-dmm&
266 4377 294 4430 in
312 4376 359 4432 the
378 4377 444 4433 17th
462 4385 585 4450 century,
597 4395 656 4433 was
668 4377 769 4448 edited,
781 4377 849 4432 with
863 4384 947 4450 notes,
960 4377 996 4451 by
1008 4378 1173 4451 Henriquca,
1184 4378 1214 4434 in
