2940 5048
333 369 380 421 DE
406 369 500 421 Novo
526 368 760 421 Monasraaro.

59 537 158 600 moda
192 539 354 602 satoveria
388 559 445 602 sua
478 539 607 601 abbatis
640 543 674 599 et
707 538 937 600 monachorum
968 536 1124 599 cubancia

60 635 178 697 rancia
208 636 250 697 ad
280 636 450 718 grangiam
466 655 556 697 suam
581 635 622 697 de
646 634 738 697 West
764 634 880 696 Ritton
907 639 943 696 et
967 633 1008 696 ad
1032 634 1125 695 hara-

74 751 181 793 suum.
227 730 321 793 Idem
346 737 381 794 et
404 731 569 794 lohannes
596 731 755 792 concessit
781 729 901 792 eisdem
929 729 1124 792 sufficienter
1149 738 1278 794 Estovers,

59 829 132 891 aria
156 848 215 890 sua
240 828 282 890 ad
306 830 430 891 dictam
455 829 627 911 grangiam
653 847 743 890 snam
767 829 808 891 de
833 828 926 890 Wcst
949 827 1065 890 Ritton
1088 827 1124 887 in
1149 804 1298 935 fflgwf

59 945 140 987 »suo
156 925 241 987 infra
256 925 427 1007 praedictas
444 925 575 1003 divisas,
597 925 667 986 sine
690 925 762 986 visu
784 925 945 986 forestarii
967 924 1068 1006 ipsius
1091 927 1125 984 et
1149 937 1228 988 wood.

59 1021 130 1084 lum
146 1041 287 1098 suorum,
301 1022 371 1084 sine
390 1025 491 1098 vasto,
513 1021 708 1083 sufficienter
722 1021 846 1083 ibidem
872 1019 913 1082 ad
936 1019 1125 1096 ardendum,

59 1118 191 1182 lendum
216 1122 250 1180 et
280 1116 517 1181 edificandum.
563 1117 726 1181 Concessit
755 1123 790 1181 et
818 1117 941 1180 eisdem
967 1118 1125 1200 patariam

59 1216 239 1297 inquiorem
259 1214 356 1296 juxta
379 1214 620 1277 Aldrechcastel
646 1215 792 1297 quietam
816 1215 938 1276 eisdem
962 1214 1002 1276 de
1027 1234 1061 1275 se
1091 1216 1126 1276 et

59 1311 149 1374 libus
165 1313 230 1374 suis
241 1313 490 1394 inperpetuum,
507 1317 542 1374 et
555 1310 696 1373 libemm
711 1313 758 1374 ire
774 1316 808 1373 et
817 1311 922 1374 redire
936 1311 978 1373 ad
989 1309 1126 1373 eandem

59 1408 136 1469 riam
156 1428 230 1469 cum
249 1408 348 1469 carris
367 1408 432 1469 suis
455 1408 525 1470 sine
548 1408 771 1490 inpedimento
793 1408 894 1490 ipsius
915 1411 950 1469 et
971 1406 1126 1469 heredum

59 1523 117 1566 rm.
164 1504 209 1566 Et
223 1502 390 1565 sciendum
405 1509 455 1565 est
470 1503 556 1584 quod
572 1503 659 1565 idem
681 1502 703 1565 J
706 1504 846 1566 ohannes
868 1507 903 1590 et
925 1503 1058 1566 heredes
1076 1503 1126 1564 sui

59 1600 144 1662 bunt
154 1604 319 1682 pasturam
334 1599 420 1661 infra
434 1599 605 1681 praedictas
621 1600 739 1662 divisas
753 1600 795 1661 ad
816 1599 1001 1662 omnimoda
1020 1600 1128 1661 averia

59 1697 191 1778 propria
217 1696 419 1778 pertinencia
442 1695 484 1757 ad
499 1697 681 1758 manerium
709 1717 802 1758 suurn
816 1696 857 1759 de
872 1696 1042 1777 Rothbiry‚
1067 1715 1127 1758 neo

59 1793 167 1854 averia
182 1811 281 1874 quam
296 1812 352 1854 sua
367 1792 497 1874 propria
517 1792 603 1854 infra
625 1793 795 1875 praediotas
817 1793 936 1854 divisas
958 1791 1128 1854 attachent

59 1888 237 1965 habebunt,
266 1908 325 1951 uec
354 1888 474 1971 aliquis
504 1890 673 1960 hominum
712 1908 841 1950 suorum
878 1888 926 1950 ibi
964 1892 1127 1969 pasturam

59 1985 125 2047 bit.

59 2177 217 2254 lmmbus,
232 2183 306 2253 eta,
331 2178 489 2240 Robertus
510 2176 597 2240 filius
623 2178 753 2260 Rogeri,
769 2176 917 2239 salutem.
963 2177 1128 2240 Noveritis
1211 2191 1247 2237 vu

59 2295 138 2336 nnc.
155 2281 189 2336 et
204 2276 289 2337 conf.
305 2296 362 2358 pro
379 2297 431 2338 me
447 2281 482 2336 et
497 2275 669 2337 heredibus
684 2275 765 2336 meis
788 2274 856 2337 Deo
882 2278 917 2337 ct
939 2273 977 2336 B.
1002 2274 1128 2351 Maria,

59 2417 62 2431 .
80 2377 115 2432 et
130 2370 229 2433 Conv.
245 2372 330 2433 Novi
347 2371 437 2433 Mon.
454 2377 614 2433 eteorum
631 2370 864 2433 successoribus
875 2371 909 2432 in
925 2376 1129 2453 perpetuum,

59 2487 187 2530 murram
219 2473 357 2551 pasturae
387 2469 427 2530 de
457 2468 641 2530 Hesilherst
666 2468 708 2530 ad
738 2468 848 2529 omnia
878 2473 912 2530 et
942 2468 1129 2531 omnimoda
1153 2478 1301 2530 Postmodo

59 2565 90 2625 ia
105 2584 172 2638 sua,
188 2566 331 2647 exceptis
347 2565 463 2646 capris,
478 2566 679 2647 pertinencia
688 2563 729 2625 ad
742 2564 813 2627 loca
824 2585 880 2627 sua
889 2564 929 2627 de
941 2565 1001 2627 Est
1012 2565 1129 2628 Ritton
1153 2546 1297 2662 ἕωᾶξῗί·

59 2660 123 2722 lest
145 2660 273 2737 Biston,
298 2661 418 2742 ubique
443 2667 477 2724 et
503 2681 561 2743 per
585 2665 692 2722 totum
707 2681 840 2737 annum,
856 2681 912 2744 per
927 2662 984 2723 has
999 2663 1129 2737 divisas,
1154 2627 1280 2755 Rp’gprty

59 2763 117 2831 ret,
141 2756 232 2818 sicud
248 2756 526 2819 Trokestanewaie
550 2778 583 2819 sc
610 2757 760 2820 extendit
783 2758 869 2819 inter
894 2757 1072 2820 Yleiburue
1096 2763 1131 2820 et
1154 2744 1306 2809 F¹l²¹³⁰ss⁹2

59 2852 145 2935 gild,
161 2857 197 2914 et
210 2854 253 2915 ab
271 2853 384 2915 eadem
402 2855 454 2915 via
470 2855 555 2915 sicut
579 2853 757 2916 Yleibume
785 2857 819 2915 et
834 2853 984 2935 Maggild
1000 2855 1130 2917 descen·

59 2970 64 3009 >
81 2951 117 3010 in
134 2949 248 3011 Coket.
290 2950 484 3012 Habendam
501 2955 533 3012 et
554 2950 685 3012 tenend.
703 2950 802 3011 dictis
817 2949 890 3012 abb.
908 2955 941 3012 et
957 2952 1130 3014 conventui

59 3066 137 3107 uum
148 3047 381 3109 successoribus
391 3046 515 3109 dietam
525 3066 728 3108 communem
739 3052 877 3128 pasturae
887 3045 999 3124 libere,
1008 3048 1131 3130 quiete,

59 3165 76 3220 r,
101 3143 194 3204 etin
221 3163 310 3225 paee,
333 3143 453 3224 absque
474 3142 583 3225 aliquo
614 3142 850 3224 inpedimento,
874 3143 1131 3224 perturbacione,

62 3239 324 3301 contradiccione
349 3241 415 3301 mei
441 3239 495 3301 vel
509 3239 666 3301 heredum
689 3258 847 3314 meorum,
870 3238 922 3299 vel
938 3239 1131 3303 ballivorum

59 3357 130 3398 rum
146 3338 181 3399 in
196 3343 399 3419 perpetuum.
444 3337 527 3400 Volo
542 3339 646 3399 eciam
662 3341 696 3398 et
712 3334 852 3396 concedo
875 3335 961 3417 quod
984 3356 1132 3419 cyrogra-

59 3453 67 3493 s
92 3433 259 3494 confectus
275 3435 362 3495 inter
377 3433 556 3496 Robertum
580 3432 744 3514 quondam
766 3430 918 3493 abbatem
940 3431 1024 3494 Novi
1040 3432 1131 3495 Mon.

59 3529 219 3590 ohannem
246 3528 351 3591 filium
378 3528 512 3590 Roberti
541 3534 774 3591 antecessorem
801 3548 910 3589 meum
937 3528 977 3591 de
993 3529 1133 3611 quadarn

59 3644 117 3687 ura
133 3625 318 3706 pertinente
335 3625 377 3687 ad
397 3627 566 3707 grangiam
582 3645 674 3686 suam
690 3623 730 3686 de
753 3623 844 3687 West
866 3624 983 3688 Rittou
1007 3647 1064 3709 pro
1079 3648 1133 3689 me

59 3719 208 3783 eredibus
223 3721 305 3782 meis
320 3723 452 3782 omnino
468 3726 614 3782 servetur
629 3720 748 3783 illaesus
764 3720 799 3780 in
815 3727 1017 3804 perpetuum,
1033 3744 1134 3806 quan-

75 3816 117 3878 ad
133 3836 186 3877 me
202 3816 254 3877 vel
268 3816 403 3878 heredes
427 3818 515 3878 meos
531 3818 674 3898 pertinet
688 3837 697 3890 3
720 3836 779 3878 nec
799 3817 868 3898 ipse
883 3818 981 3879 abbas
996 3819 1047 3880 vel
1063 3841 1134 3882 suc-

59 3932 126 3974 ares
140 3912 190 3972 sui
206 3911 349 3993 aliquam
365 3931 571 3973 communem
586 3931 646 3974 nec
657 3911 712 3992 jus
728 3912 780 3974 vel
795 3911 950 3974 clamium
965 3914 1001 3974 iu
1016 3914 1134 3979 foresta

82 4009 124 4070 de
149 4007 294 4090 Roubiry
319 4008 536 4071 vendicabunt
561 4009 601 4070 de
617 4012 734 4070 caetero
758 4009 793 4070 in
816 4014 1019 4091 perpetuum,
1044 4017 1135 4075 extra

59 4125 105 4166 sas
122 4109 291 4167 contentas
316 4105 351 4167 in
376 4106 436 4166 hac
461 4110 550 4166 carta
573 4104 800 4187 cirographata
815 4105 867 4167 vel
884 4107 919 4167 in
943 4108 1134 4192 cirographo

59 4202 133 4264 'ecto
156 4201 244 4262 inter
276 4200 455 4263 Robertum
478 4201 639 4283 quondam
663 4200 815 4263 abbatem
837 4202 923 4265 Novi
943 4203 1135 4270 Monasterii

58 4298 223 4360 ohannem
239 4296 343 4359 filium
359 4297 494 4359 Roberti
510 4303 743 4360 antecessorem
758 4318 878 4361 meum.

59 4484 147 4545 Tunc
163 4487 241 4544 nota
265 4483 423 4564 placitum
439 4482 473 4542 in
498 4482 610 4543 rotulis
636 4483 722 4544 inter
750 4483 852 4544 Adam
878 4484 1027 4549 abbatem
1052 4489 1137 4552 Novi
1162 4439 1293 4555 moran
