2940 5048
495 321 749 375 BENEFAUPORS.

118 496 282 566 Walterus
297 492 337 556 de
354 491 477 556 Bolbek
491 496 526 554 et
540 491 702 553 Walterus
717 489 805 552 filius
826 488 905 572 ejus,
921 489 1062 573 supremi
1075 489 1200 551 domini

48 592 144 656 iliius
159 593 256 668 feodi,
271 592 328 672 qui
351 590 502 653 similiter
516 586 786 652 oonfirmaverunt
807 588 900 650 nobis
922 587 1059 651 eundem
1082 586 1200 664 locum,

48 689 121 752 scii.
144 689 268 751 dictam
283 687 478 749 Nentonam.
582 751 584 756 .

119 873 200 935 Rob.
229 872 269 933 da
305 870 460 946 Camhou,
486 869 590 932 Alicia
618 889 696 931 uxor
722 869 802 951 ejus,
830 871 887 951 qui
920 872 1201 933 commutaverunt

51 969 146 1032 nobis
161 969 270 1030 locum
284 967 325 1029 de
340 966 486 1029 Ruthlau
494 985 553 1048 pro
569 971 654 1027 terra
669 972 778 1028 nostra
789 965 829 1027 de
841 966 996 1030 Camhou.
1040 967 1200 1029 walterus

52 1065 141 1128 filius
155 1064 235 1147 ejus,
250 1063 306 1146 qui
323 1061 527 1125 confirmavit
542 1063 634 1124 nobis
649 1062 788 1124 eundem
803 1062 920 1126 looum.

118 1249 275 1311 Dominus
309 1248 408 1329 Hugo
436 1246 477 1309 de
514 1245 651 1324 Bolbek,
678 1245 887 1328 Theophanis
919 1267 998 1309 uxor
1034 1246 1114 1330 ejus,
1146 1268 1201 1330 per

52 1366 133 1428 quos
155 1344 328 1407 habuimus
359 1341 472 1404 viliam
495 1342 535 1404 de
558 1341 726 1422 Rotheley.
773 1342 872 1425 Hugo
894 1344 935 1405 (16
958 1342 1092 1420 Bolbek‚
1114 1342 1201 1406 filius

54 1442 136 1525 ejus,
151 1441 207 1523 qui
222 1438 424 1502 confirmavit
438 1438 531 1501 nobis
546 1439 684 1501 eundem
699 1437 815 1534 locum.

123 1626 268 1707 Edgarus
284 1623 390 1685 dictus
413 1623 592 1705 Unniying‚
608 1623 665 1704 qui
689 1622 781 1685 dedit
795 1622 887 1684 nobis
911 1631 1094 1686 carucatam
1109 1629 1203 1687 tarrae

56 1725 92 1785 in
113 1720 276 1783 Warihill.
321 1719 480 1781 Patricius
506 1718 592 1781 filius
617 1718 697 1801 ejus,
713 1720 770 1800 qui
799 1719 946 1782 vendidit
974 1721 1066 1782 nobis
1095 1721 1202 1783 aliam.

56 1819 217 1883 Johanne's
239 1817 279 1879 de
303 1816 451 1892 11661666,
466 1814 554 1876 filius
580 1814 661 1897 ejus.
705 1814 867 1878 Johannes
889 1816 928 1878 de
953 1815 1101 1896 liesbern,
1116 1817 1203 1879 filius

56 1915 136 1998 ejus,
159 1914 215 1996 qni
244 1912 392 1974 vendidit
420 1911 511 1974 nobis
539 1916 715 1993 utrumque
738 1911 846 1973 locum
873 1912 914 1975 de
936 1912 1083 1989 Kostem,
1106 1918 1141 1976 ei
1162 1914 1203 1976 de

58 2009 218 2087 Werihill‚
241 2029 315 2071 oum
338 2008 485 2071 omnibus
509 2007 724 2090 pertinentiis.

124 2193 283 2256 Dominus
305 2191 448 2274 Rogerus
470 2190 557 2253 filius
578 2190 721 2267 Ricardi‚
737 2189 893 2254 Dominus
917 2193 957 2255 de
972 2191 1205 2271 Werkewortu

57 2295 92 2352 et
108 2288 242 2352 Adeiiza
256 2308 337 2349 uxor
352 2287 432 2370 ejus,
448 2287 504 2368 qui
526 2285 736 2348 contulerunt
757 2287 850 2348 nobis
866 2288 1002 2350 salinam
1017 2289 1057 2351 (16
1073 2289 1205 2352 Werke·

58 2387 172 2448 worth.
217 2383 378 2448 Robertns
408 2382 495 2445 filius
524 2382 604 2466 ejus,
627 2383 685 2464 qui
715 2382 917 2447 confirmavit
947 2386 1039 2448 nobis
1069 2387 1205 2450 eundem

59 2482 177 2545 locum.

125 2666 285 2728 Henrious
313 2664 452 2742 Coniers,
476 2664 547 2726 Eda
570 2661 683 2746 (Ado)
705 2685 783 2727 uxor
812 2665 893 2749 ejus,
917 2667 974 2749 qui
1000 2667 1206 2733 contulerunt

58 2761 152 2825 nobis
167 2767 288 2823 terram
303 2761 337 2823 in
354 2759 476 2825 Cliiion
490 2766 524 2823 et
538 2760 574 2822 in
590 2759 750 2824 Caldwell.

127 2943 217 3006 Will.
228 2944 368 3021 Coniars,
381 2945 437 3026 qui
452 2945 668 3007 eommutavit
682 2944 775 3006 nobis
790 2947 961 3027 grangiam
970 2948 1010 3010 de
1026 2948 1207 3028 Caldeweil‚

59 3043 117 3125 qui
133 3042 263 3125 proprio
279 3042 410 3104 nomino
425 3041 547 3103 dicitur
562 3040 745 3122 Soarplaue,
760 3061 818 3122 pro
834 3042 929 3104 torris
945 3044 979 3104 in
998 3043 1130 3108 Cliston.

128 3225 288 3288 Dominus
319 3226 416 3307 Hugo
439 3226 479 3288 (16
502 3222 677 3308 Morewyk,
693 3242 750 3305 pro
773 3228 888 3307 stagno
912 3225 1090 3290 molendini
1106 3232 1208 3293 nostri

61 3322 151 3386 ultra
168 3321 311 3384 Koketh.

130 3505 244 3568 Sibilla
267 3506 307 3567 da
330 3504 484 3588 Morwyk,
499 3525 578 3566 uxor
600 3503 680 3587 ejus,
695 3524 765 3585 quae
789 3504 823 3565 in
847 3504 948 3568 libera
972 3503 1130 3572 viduitate
1152 3531 1210 3574 sua

62 3602 156 3665 dedit
169 3601 262 3664 nobis
278 3600 385 3663 locum
400 3601 440 3663 de
455 3600 604 3664 Bosethe.
650 3600 750 3682 Hugo
765 3599 852 3662 filins
867 3601 947 3684 ejus,
963 3604 1019 3686 qui
1041 3606 1210 3670 confirma-

62 3701 113 3762 vit
127 3698 219 3761 nobis
234 3698 373 3760 eundem
388 3697 505 3760 locum.
551 3696 710 3760 Dominus
732 3696 807 3760 Joh.
823 3698 863 3759 de
879 3699 1032 3777 Plesseto,
1049 3703 1105 3784 qui
1120 3703 1211 3767 dedit

64 3797 157 3859 nobis
173 3799 293 3856 terram
308 3796 343 3857 in
359 3793 547 3857 Tirtlinton.

132 3980 289 4043 Dominus
320 3979 391 4041 Ric.
420 3976 562 4054 Gubinn‚
578 3978 634 4060 qui
657 3976 750 4039 dedit
772 3978 864 4041 nobis
887 3980 1051 4044 redditum
1077 4003 1155 4047 xxs.
1176 3986 1212 4048 in

66 4077 253 4140 molendino
270 4077 328 4159 ⁸do
361 4074 575 4139 Sohilvinton.
620 4075 718 4157 Hugo
748 4074 893 4153 Gubiun‚
919 4079 977 4159 qui
1012 4069 1214 4145 oonfiimavit

66 4174 161 4238 uobis
175 4173 314 4235 eundem
329 4171 502 4234 redditum.

136 4357 295 4420 Dominus
318 4356 462 4438 Rogerus
485 4354 525 4416 de
547 4353 672 4438 Merlay
696 4353 736 4416 da
759 4353 909 4434 Sunion,
925 4358 981 4439 qui
1006 4359 1098 4424 dedit
1122 4363 1214 4427 nobis

68 4452 235 4517 redditum
250 4473 292 4515 xx
307 4473 332 4515 s.
349 4453 384 4514 in
400 4449 585 4515 molendino
600 4471 656 4513 suo
670 4450 710 4513 de
726 4449 874 4514 Stanton.
