2954 5040
423 348 471 400 Dll
495 347 591 402 110110
615 347 852 400 Mouasnunw.

346 692 515 759 SALINA
539 693 603 759 Da
630 691 929 758 Waaaawoaa.

123 904 249 968 Notum
259 904 303 967 sit
312 905 460 968 omnibus
469 903 596 968 Sanotae
605 904 721 967 Matris
732 904 885 967 Ecclesiae
895 904 982 979 filiis,
994 909 1062 966 tam
1072 922 1208 986 praesen·
1295 905 1320 972 j·

56 1001 148 1064 tibus
162 1021 262 1084 quam
276 1000 406 1079 futuris,
421 1001 506 1084 quod
521 1021 581 1083 ego
597 1000 739 1083 Rogatus
762 1000 807 1062 fil.
824 1000 966 1077 Ricardi,
987 1002 1056 1084 pari
1074 1000 1206 1062 consilio
1232 973 1360 1104 {Eznzl'y

58 1104 94 1161 et
109 1097 279 1160 voluntate
294 1096 433 1160 Adelizae
458 1098 563 1160 uxoris
588 1117 680 1172 meae,
704 1103 739 1159 et
761 1096 828 1160 her.
849 1117 1003 1173 meorum,
1018 1098 1158 1159 concessi
1173 1102 1207 1158 61
1232 1105 1342 1159 Ricardi.
1357 1105 1386 1151 or

58 1193 134 1257 dedi
150 1193 220 1256 Deo
235 1199 270 1256 et
284 1213 371 1255 mon.
387 1192 419 1257 S.
435 1193 483 1255 M.
499 1192 585 1254 Novi
600 1192 690 1255 Mon.
710 1213 767 1276 pro
783 1192 886 1254 salute
898 1198 1007 1255 nostra
1015 1198 1051 1255 et
1062 1195 1207 1255 omnium
1231 1171 1369 1288 &uulgi-⁸

58 1294 232 1373 parentum
242 1295 277 1351 et
287 1289 464 1351 amicorum
474 1294 656 1351 nostrorum
666 1290 876 1370 omniumque
885 1289 1030 1351 fidelium
1040 1289 1207 1351 (16166616-
1232 1304 1321 1354 worth.

57 1406 143 1462 rum,
158 1387 195 1447 in
209 1405 281 1467 pur.
295 1390 330 1447 et
344 1404 434 1467 perp.
450 1384 504 1462 el.‚
519 1384 620 1447 salina
631 1384 726 1466 juxta
744 1384 956 1463 Werkeword,
975 1406 1048 1447 cum
1064 1386 1128 1449 suis
1143 1385 1208 1447 biis

58 1481 235 1545 nominatis
250 1480 372 1556 divisis,
388 1482 470 1543 sicut
485 1500 545 1562 ego
564 1481 705 1543 etheree
728 1500 817 1542 meus
839 1501 913 1542 cum
930 1482 1027 1563 praed.
1043 1482 1208 1543 monachis

58 1584 93 1639 61
107 1576 295 1639 hominibus
309 1577 391 1639 meis
401 1576 705 1659 perambulavimus,
716 1576 784 1637 scil.
795 1579 876 1638 sicut
888 1597 1041 1658 magnum
1054 1578 1208 1640 fossatum

60 1674 215 1735 circuitur
228 1693 248 1734 a
263 1675 370 1756 capite
386 1674 505 1750 fossati,
520 1673 603 1736 sicut
618 1693 701 1755 aqua
717 1692 773 1754 per
797 1672 909 1734 subtus
934 1673 1120 1736 Gloucestre
1137 1677 1209 1735 ten-

60 1769 110 1831 dit
125 1769 161 1830 in
176 1766 290 1843 Coket‚
312 1767 448 1831 liberam
474 1773 508 1830 61
533 1769 677 1850 quietam
699 1768 740 1831 ab
763 1769 852 1829 omui
874 1776 1000 1830 terreno
1022 1769 1154 1830 servicio
1174 1774 1209 1830 et

60 1864 240 1928 exaccionis
268 1864 471 1947 fatigacione.
527 1863 674 1928 Concessi
704 1864 806 1925 eciam
836 1865 881 1926 eis
911 1863 1027 1926 liberas
1056 1866 1123 1926 vias
1152 1885 1209 1946 per
1233 1877 1366 1942 Righuof

59 1967 181 2024 terram
195 1981 313 2037 meam,
335 1960 398 2022 nisi
419 1980 477 2043 per
497 1965 591 2043 prata
606 1964 639 2021 et
657 1965 791 2041 segetes,
814 1959 855 2021 ad
878 1959 1028 2022 carianda
1043 1960 1158 2022 focalia
1173 1965 1206 2022 et
1232 1961 1294 2009 *²¹5-

59 2062 177 2121 caetera
202 2057 389 2133 necessaria,
414 2076 508 2138 super
541 2056 610 2118 haec
650 2055 912 2117 commendantes
941 2076 999 2116 nos
1030 2061 1064 2117 et
1089 2056 1208 2117 amicos

59 2160 185 2217 nostros
199 2153 348 2216 omnibus
362 2172 483 2230 corum,
505 2152 699 2234 suscepimus
722 2172 774 2214 eos
797 2158 830 2213 et
849 2152 981 2213 domum
1006 2172 1096 2214 suam
1112 2157 1146 2213 et
1161 2172 1211 2212 res

60 2270 131 2313 suas
145 2249 402 2312 manutenendae
417 2255 452 2311 61
466 2249 603 2312 tuendas
616 2246 737 2332 (nob)
760 2253 797 2310 ut
819 2248 875 2310 ubi
900 2268 978 2329 opus
993 2248 1092 2310 fuerit
1107 2253 1141 2310 et
1155 2268 1211 2309 66-

60 2347 192 2409 66661166
206 2345 363 2428 exegerit,
384 2363 441 2426 pro
463 2364 553 2427 posse
574 2336 683 2407 nostro
705 2364 813 2405 comm
836 2344 1079 2406 necessitatibus
1101 2344 1212 2406 subve-

59 2445 189 2505 niamus
213 2445 248 2504 61
274 2460 489 2503 succuramus.
534 2439 641 2522 Hujus
665 2439 850 2502 donacionis
876 2443 974 2502 testes
1000 2445 1076 2502 sunt
1097 2440 1212 2502 Wille-

59 2558 143 2615 mus,
158 2543 221 2600 616.

128 2728 288 2794 Omnibus
302 2727 429 2792 Sanctae
443 2728 562 2791 Matris
577 2727 727 2790 Ecclesiae
748 2728 823 2790 filiis
844 2728 926 2790 hanc
938 2736 1060 2793 cartam
1073 2731 1213 2794 videnti·
1294 2742 1326 2808 ij·

59 2824 391 2889 busvclaudientibus
400 2824 560 2888 Robertus
569 2824 739 2907 fil.Rogeri
750 2824 795 2886 fil.
804 2824 935 2887 Ricardi
947 2827 987 2888 (16
999 2826 1212 2905 Werkeword,
1236 2811 1371 2925 9⁰⁰⁶lfmfl'

61 2921 210 2985 salutem.
257 2919 374 2984 Sciatis
396 2941 449 2982 me
471 2921 658 2983 concessisse
679 2925 712 2983 et
729 2920 761 2982 h.
776 2941 820 2982 m.
837 2941 864 2982 6.
881 2921 965 2983 conf.
981 2923 1051 2985 Deo
1066 2929 1099 2986 et
1114 2924 1147 2987 S.
1164 2924 1211 2985 Μ.
1235 2884 1391 2998 1111166116ίοῖ
1426 2950 1428 2954 ·

62 3018 148 3080 Novi
162 3017 254 3079 Mon.
270 3020 304 3079 et
317 3017 484 3079 monachis
497 3016 619 3080 ibidem
634 3016 703 3078 Deo
714 3016 936 3092 servientibus,
947 3019 982 3079 in
994 3038 1065 3100 pur.
1075 3024 1110 3081 61
1121 3040 1211 3102 perp.
1236 3009 1280 3060 “¹0
1291 3009 1377 3057 above.

63 3112 105 3176 el.
121 3113 258 3175 salinam
274 3113 315 3175 de
329 3111 515 3175 Werkword
538 3133 614 3174 cum
635 3112 759 3174 duabus
781 3113 862 3174 areis
884 3114 960 3188 suis,
983 3118 1017 3174 et
1039 3134 1124 3175 omn.
1141 3115 1213 3176 aliis

63 3209 157 3272 rebus
171 3209 234 3271 sibi
254 3208 503 3291 pertinentibus,
525 3229 624 3290 quam
646 3207 737 3270 dedit
759 3208 824 3270 illis
847 3207 990 3288 Rogerus
1012 3208 1058 3270 fil.
1082 3209 1213 3272 Ricardi

63 3310 156 3387 pater
170 3324 272 3381 meus,
286 3308 321 3366 et
335 3308 425 3366 carta
440 3323 498 3366 sua
512 3303 725 3365 confirmavit.
764 3303 907 3365 Tenend.
918 3303 957 3365 de
973 3323 1025 3365 me
1041 3310 1075 3366 et
1090 3304 1157 3367 her.
1170 3326 1213 3368 m.

63 3401 162 3464 libere
177 3406 213 3464 61
227 3402 336 3483 quiete
350 3402 435 3463 siout
449 3400 558 3484 aliqua
573 3400 612 3464 el.
628 3400 762 3463 liberius
777 3406 812 3462 et
827 3401 969 3481 quiecius
982 3401 1051 3463 dari
1067 3407 1100 3464 et
1112 3404 1215 3465 teneri

63 3503 192 3581 potest;
214 3503 248 3561 et
269 3517 310 3559 ne
332 3497 505 3580 aliquando
526 3498 613 3559 inter
633 3517 687 3559 me
702 3503 736 3560 et
751 3496 824 3559 illos
840 3497 892 3558 vel
908 3498 975 3560 her.
991 3519 1078 3561 meos
1094 3505 1128 3562 et
1142 3501 1216 3562 illos

63 3594 200 3657 suboriri
215 3597 321 3677 posset
335 3593 520 3676 calumpnia
543 3593 593 3656 vel
616 3593 746 3675 querela
768 3593 809 3654 de
832 3592 943 3655 divisis
963 3592 1094 3657 illorum
1110 3597 1216 3658 minus

63 3695 174 3774 aperte
189 3694 224 3752 et
239 3688 431 3752 sufficienter
445 3690 480 3751 in
495 3694 585 3752 carta
607 3691 709 3773 patris
732 3691 796 3751 mei
812 3689 998 3767 nominalis,
1014 3692 1129 3755 nichill
1144 3714 1216 3775 pos-

64 3806 170 3849 semus
184 3791 304 3849 terram
329 3805 420 3848 suam
444 3787 600 3863 minuere,
624 3786 676 3848 vel
702 3785 754 3847 illi
780 3805 873 3866 super
898 3805 955 3847 nos
977 3793 1216 3869 purpresturam

64 3883 178 3959 facere,
193 3887 299 3946 totam
312 3887 433 3944 terram
447 3882 557 3945 salinae
571 3902 636 3945 suae
648 3902 721 3943 cum
733 3881 855 3944 duabus
867 3882 948 3943 areis
959 3884 1024 3944 suis
1036 3885 1070 3944 in
1082 3883 1216 3965 longum

64 3983 99 4042 61
113 3980 148 4041 in
164 3979 269 4041 latum
294 3978 356 4041 feci
381 3997 574 4055 mensurare,
596 3983 630 4041 et
652 3978 771 4056 divisas
793 3997 865 4038 suas
886 3979 921 4038 in
944 3979 1004 4039 hac
1028 3984 1117 4042 carta
1143 4001 1216 4042 mea

64 4077 238 4141 manifeste
252 4078 430 4139 nominare.
475 4074 651 4139 Sciendum
674 4096 750 4157 ergo
766 4075 851 4156 quod
867 4074 909 4136 ab
923 4096 960 4137 66
975 4075 1045 4139 1666
1060 4078 1116 4140 ubi
1132 4098 1215 4161 aqua

63 4194 135 4255 quae
150 4173 252 4236 currit
268 4173 380 4235 subtus
395 4172 584 4236 Gloucestre
599 4172 686 4235 cadit
698 4173 732 4233 in
750 4169 864 4246 Coket,
876 4170 951 4234 dedi
967 4178 1000 4234 61
1015 4176 1154 4236 concessi
1170 4176 1215 4236 eis

62 4269 218 4353 quicquid
232 4273 327 4333 terrae
341 4289 449 4332 versus
464 4275 591 4346 666661,
615 4270 699 4331 sicut
720 4268 812 4331 vadit
835 4268 937 4330 divisa
953 4289 1010 4350 per
1025 4270 1214 4334 orientalem
1238 4283 1315 4332 saone

60 4373 190 4448 partem
206 4366 300 4430 clusae
314 4386 391 4444 suae,
405 4371 438 4429 et
452 4367 497 4428 sic
512 4365 630 4429 deinde
652 4366 736 4428 sicut
758 4365 870 4446 positae
893 4370 968 4426 sunt
983 4386 1090 4428 cruces
1105 4387 1214 4428 eorum
1240 4364 1342 4398 ⁰³⁰⁸⁸⁰⁸·

616 4480 662 4527 62
