2940 5048
449 348 496 400 Dr.
521 347 616 401 NOVO
641 347 877 400 MONASTERIO.

73 526 272 602 perpetuum
283 518 364 581 adeo
379 518 435 580 lib.
446 518 513 599 qui.
524 518 651 599 integre
660 516 791 600 pacifice
803 514 975 577 honorifice
986 520 1020 577 et
1029 515 1132 577 solute
1141 514 1230 577 sicud

75 614 183 697 aliqua
194 614 239 676 el.
252 614 389 676 liberius
403 621 459 675 aut
475 613 618 695 quiecius
633 613 703 674 dari
717 617 824 694 potest
835 611 886 673 vel
901 611 1065 693 possideri.
1112 611 1231 674 Omnes

77 716 186 773 autem
202 710 401 772 donaciones
416 714 450 771 et
465 709 680 771 concessiones
695 709 793 769 dictis
802 707 874 769 abb.
890 714 923 770 et
939 728 1024 769 mon.
1041 713 1075 769 et
1090 707 1232 768 ecolesiae

79 827 140 869 suae
153 828 172 868 a
183 813 281 889 patre
296 825 369 866 meo
384 804 436 867 vel
450 804 492 866 ab
506 804 668 886 aliquibus
681 805 932 865 antecessoribus
947 805 1026 865 meis
1041 804 1142 864 factas
1157 824 1231 864 cnm

81 902 232 966 omnibus
255 903 351 965 terris
365 906 399 963 et
414 901 663 982 possessionibus
685 921 757 983 quae
779 921 832 961 me
849 900 899 961 vel
920 900 987 961 her.
1003 920 1091 961 meos
1106 901 1140 960 in
1156 899 1233 962 villa

83 1004 113 1060 et
137 998 303 1060 territorio
325 997 366 1058 de
389 996 431 1058 K.
449 995 524 1078 jure
547 995 743 1058 hereditario
767 997 955 1076 contingere
977 1000 1140 1076 poterunt,
1156 996 1232 1077 ipsis

83 1093 156 1156 abb.
179 1099 214 1155 et
241 1113 328 1154 mon.
343 1097 378 1154 et
403 1112 466 1154 eor.
490 1112 573 1152 succ.
596 1097 630 1153 et
653 1090 729 1152 eccl.
753 1111 817 1152 suae
843 1091 960 1173 possid.
976 1090 1027 1165 do,
1044 1091 1181 1152 concedo
1200 1096 1234 1152 et

84 1173 352 1271 quietum-clamo
368 1188 402 1248 in
414 1191 605 1268 perpetuum
617 1208 627 1260 ;
642 1187 689 1248 ita
701 1187 854 1267 quodnec
870 1206 929 1267 ego
944 1206 1004 1246 nec
1019 1186 1083 1247 her.
1095 1186 1159 1246 mei
1175 1207 1233 1248 neo

83 1285 200 1366 aliquis
215 1283 297 1345 alius
308 1283 382 1365 jure
397 1282 450 1344 vel
473 1283 603 1345 nomine
617 1288 726 1344 nostro
742 1283 775 1342 in
797 1282 894 1363 praed.
918 1283 1108 1357 manerium,
1124 1281 1234 1343 villam

84 1386 143 1443 aut
167 1387 286 1442 terram
301 1380 341 1441 de
357 1380 399 1441 K.
419 1400 493 1440 cum
509 1398 594 1440 omn.
610 1385 693 1459 pert.
718 1379 782 1439 suis
803 1378 858 1460 jus
873 1377 925 1438 vel
940 1378 1093 1438 elamium
1109 1398 1236 1439 movere

84 1478 263 1559 poterimus
286 1477 322 1536 in
346 1478 548 1557 perpetuum.
594 1475 639 1535 Et
653 1494 713 1555 ego
728 1473 801 1535 Joh.
818 1475 933 1535 ether.
949 1474 1014 1534 mei
1028 1474 1152 1535 dictum
1168 1494 1237 1535 ma·

86 1573 213 1635 nerium
233 1578 270 1633 et
283 1571 395 1633 villam
410 1572 450 1633 cle
466 1570 508 1632 K.
524 1571 560 1631 in
575 1570 724 1631 omnibus
739 1571 829 1631 sicud
849 1569 1038 1652 praedictum
1065 1574 1113 1631 est
1139 1570 1236 1631 dictis

87 1667 161 1731 abb.
177 1672 212 1730 et
226 1687 312 1729 mon.
328 1674 363 1730 et
377 1666 455 1728 eccl.
472 1686 535 1728 suae
552 1666 641 1728 sicud
656 1665 790 1728 liberam
807 1687 876 1748 pur.
887 1671 921 1727 et
930 1686 1018 1747 perp.
1035 1665 1076 1726 el.
1092 1667 1236 1747 quietam

87 1765 129 1827 ab
144 1765 233 1825 omni
243 1764 375 1825 servicio
391 1762 543 1838 seculari,
555 1763 731 1837 exaccione,
742 1783 775 1823 re
785 1769 818 1823 et
830 1761 988 1823 demanda
1003 1768 1113 1823 contra
1128 1781 1238 1823 omnes

87 1861 235 1925 homines
243 1881 396 1942 war.acq.
412 1867 446 1922 et
461 1859 524 1922 def.
541 1861 575 1920 in
591 1864 794 1943 perpetuum.
827 1859 867 1920 In
883 1859 973 1942 cujus
988 1860 1045 1921 rei.
1078 1859 1237 1920 Testibus.

157 2053 278 2127 Sciant,
287 2058 350 2114 etc.
360 2052 524 2115 Johannes
533 2052 620 2113 filius
631 2052 787 2114 Johannis
796 2051 836 2113 de
852 2052 990 2112 Kestem
1000 2050 1086 2127 dedi,
1099 2071 1186 2112 conc.
1203 2056 1238 2112 et
1313 2069 1368 2118 xix·

90 2172 123 2235 p.
133 2172 161 2213 c.
171 2149 304 2212 moonf.
310 2148 379 2211 Deo
388 2156 421 2212 et
433 2150 471 2211 Β.
479 2148 569 2210 M.et
577 2170 663 2211 mon.
674 2150 758 2211 Novi
769 2149 859 2209 Mon.
872 2154 980 2209 totum
989 2155 1118 2228 pratum
1130 2168 1238 2208 meum
1263 2135 1408 2185 ⁰1³¹¹²⁰f⁸

90 2249 125 2309 in
141 2266 255 2328 campo
270 2245 311 2307 de
325 2245 472 2322 Tirwitb,
488 2244 571 2326 quod
590 2244 680 2327 jacet
702 2247 787 2306 inter
809 2244 927 2305 oroftos
945 2243 1088 2324 ejusdem
1104 2243 1191 2305 villae
1205 2247 1239 2306 et
1264 2200 1416 2319 Em?

89 2342 270 2418 Holburne,
294 2346 328 2404 et
349 2348 478 2422 pratum
500 2340 672 2402 Michaelis
690 2341 780 2423 jacet
806 2361 844 2402 ex
870 2345 962 2421 parte
989 2339 1191 2417 occidentali,
1206 2346 1240 2402 et

89 2443 223 2522 pratum
249 2438 452 2500 dominorum
474 2437 514 2499 de
536 2436 685 2518 Hephale
712 2457 750 2498 ex
775 2442 867 2517 parte
895 2435 1055 2497 orientali.
1105 2437 1182 2498 Ten.
1206 2443 1241 2499 et

91 2533 165 2597 hab.
184 2535 280 2615 prad.
304 2553 390 2595 mon.
409 2534 443 2594 in
459 2532 516 2594 lib.
533 2553 601 2614 pur.
618 2539 652 2593 et
676 2552 763 2614 perp.
781 2532 821 2593 el.
838 2532 982 2613 quietam
998 2537 1032 2593 et
1047 2533 1185 2594 solutam
1199 2533 1241 2595 ab

91 2650 178 2693 omn.
196 2649 276 2690 serv.
292 2648 377 2690 cons.
393 2633 427 2690 et
443 2629 527 2691 dem.
541 2648 612 2710 quse
626 2628 667 2690 ab
682 2627 791 2709 aliqua
805 2635 890 2689 terra
905 2629 992 2710 exigi
1008 2634 1150 2710 possunt.
1196 2629 1241 2690 Et

92 2746 153 2808 ego
177 2731 211 2787 et
234 2725 302 2787 her.
325 2745 368 2785 m.
383 2744 457 2786 war.
481 2724 579 2806 praed.
606 2744 693 2786 mon.
710 2724 835 2786 dictum
862 2729 991 2805 pratum
1017 2731 1129 2787 contra
1155 2745 1241 2787 omn.

92 2822 241 2884 homines
255 2821 292 2881 in
305 2840 396 2902 perp.
441 2819 516 2882 Hiis
531 2819 677 2881 testibus.

159 3013 287 3075 Notum
309 3013 352 3074 sit
366 3032 452 3074 omn.
475 3012 684 3093 praesentibus
707 3018 740 3073 et
763 3011 880 3074 futuris
905 3013 990 3094 quod
1010 3034 1093 3075 anno
1110 3014 1242 3076 Domini
1319 3027 1366 3068 xx·

93 3117 152 3172 m0.
168 3117 229 3172 00⁰.
245 3109 480 3190 septuagesimo
495 3109 633 3170 secundo
650 3109 692 3170 ad
709 3108 923 3171 Pentecosten
938 3110 986 3170 ita
1001 3112 1149 3171 convenit
1158 3111 1244 3172 inter
1266 3087 1419 3213 2¹30}ssss

93 3206 229 3267 fratrem
241 3204 345 3267 Adam
360 3205 485 3265 dictum
501 3204 660 3265 Abbatem
675 3205 759 3266 Novi
775 3204 864 3265 Mon.
874 3210 908 3265 et
923 3203 1065 3284 ejusdem
1080 3203 1143 3265 loci
1161 3205 1242 3268 Con·
1267 3217 1377 3265 between

93 3308 229 3365 ventum
252 3320 311 3382 pro
329 3321 362 3362 se
376 3304 411 3362 et
428 3301 493 3361 suis
515 3300 742 3362 successoribus
765 3322 804 3362 ex
827 3321 891 3361 una
912 3304 1004 3378 parte
1020 3305 1055 3360 et
1069 3299 1241 3362 Dominam
1266 3281 1401 3396 1111ΐὶἷο

94 3399 258 3479 Agnetem
266 3393 366 3478 (731))
378 3395 564 3458 Priorissam
576 3395 630 3457 del
646 3396 823 3473 Halistane,
835 3396 1010 3457 Dominum
1026 3394 1187 3477 Rogemm
1202 3396 1242 3457 de
1266 3362 1419 3477 1111Ηο131

94 3492 213 3554 Felton
236 3491 402 3553 custodem
417 3497 451 3553 et
466 3491 609 3573 ejusdem
625 3490 687 3552 loci
703 3497 897 3552 conventum
920 3511 958 3551 ex
974 3490 1074 3552 altera
1090 3511 1147 3573 pro
1161 3512 1193 3552 se
1209 3496 1242 3553 et
1267 3485 1337 3591 &2¹¹⁰

95 3589 161 3650 suis
172 3586 412 3661 successoribus,
425 3587 558 3665 scilicet,
567 3587 652 3668 quod
665 3586 730 3648 tale
742 3588 827 3648 inter
838 3608 870 3648 se
882 3588 1025 3649 fecerunt
1041 3587 1242 3649 excambium
1266 3558 1396 3657 afflig.

96 3684 275 3767 proprium,
295 3701 352 3763 pro
375 3682 520 3744 utilitate
544 3683 711 3764 utriusque
734 3683 846 3743 domus
861 3684 901 3745 de
916 3685 1008 3745 terris
1027 3685 1061 3745 in
1082 3685 1243 3746 territorio
1267 3674 1361 3737 ‘¹¹³⁰ssss
1373 3673 1402 3722 ⁰5

95 3779 136 3841 de
166 3779 306 3840 Kestem
334 3784 368 3839 et
391 3777 595 3854 Flotwait0n‚
619 3777 781 3853 videlicet,
805 3779 889 3858 quod
915 3780 1062 3859 praedicti
1088 3779 1184 3841 abbas
1210 3786 1244 3841 et
1267 3739 1334 3789 land.

96 3880 274 3936 conventus
307 3872 465 3935 dederunt
494 3879 529 3934 et
566 3880 786 3935 concesserunt
824 3874 985 3954 praedictis
1019 3876 1175 3956 priorissae
1210 3883 1245 3937 et

97 3971 272 4033 conventui
298 3968 351 4033 del
377 3969 547 4031 Halistane
575 3969 672 4050 xxxiij
704 3988 792 4031 aeras
814 3973 907 4031 terrae
928 3970 1073 4051 jacentes
1102 3972 1138 4032 in
1168 3970 1245 4034 locis

97 4065 295 4146 subscriptis,
311 4063 473 4139 videlicet,
488 4064 576 4145 xxiiij
600 4085 686 4125 acras
709 4070 802 4125 terroe
818 4065 851 4125 in
867 4066 1005 4146 quadam
1027 4066 1153 4127 cultura
1175 4088 1246 4149 quae

98 4167 230 4223 vocatur
253 4161 422 4243 Wyndisid
447 4181 487 4223 ex
512 4160 644 4221 australi
670 4167 761 4241 parte
788 4160 828 4222 de
852 4161 1015 4237 Pundene‚
1038 4166 1072 4223 et
1098 4164 1132 4223 ix
1158 4182 1246 4225 acras

97 4264 193 4319 terrae
223 4256 433 4319 extendentes
459 4276 492 4316 se
519 4275 626 4317 versus
657 4257 858 4317 occidentem
886 4262 919 4317 et
946 4258 1104 4319 orientem
1134 4259 1246 4322 subtus

99 4353 292 4434 Haycesters
302 4352 398 4433 juxta
406 4349 627 4426 Seuenwelles‚
635 4371 693 4432 pro
702 4351 798 4432 xxxiij
816 4351 897 4412 acris
907 4356 1000 4414 terrae
1012 4373 1084 4433 quae
1090 4353 1203 4436 jacent
1211 4357 1246 4418 in

100 4447 178 4511 locis
187 4448 387 4531 subscriptis,
399 4447 533 4524 scilicet,
544 4466 601 4528 pro
613 4446 655 4529 vij
667 4447 748 4509 acris
763 4452 856 4510 terrae
866 4451 900 4510 et
911 4467 976 4511 una
984 4450 1060 4512 roda
1064 4449 1246 4532 jacentibus
