2940 5048
429 320 477 373 nn
502 320 596 372 NOl'O
623 321 863 376 Moxhsrnssio.

45 485 256 551 solucionem
282 488 366 552 dicti
387 488 530 553 redditus
551 491 585 551 in
607 497 798 573 perpetuum
820 492 962 555 fideliter
983 495 1164 558 faciendam
1185 503 1218 560 et

47 585 293 649 nistinendam.
339 584 500 649 Praeterea
515 586 657 668 obligavi
674 607 726 648 me
746 594 780 648 et
798 589 930 649 herodes
951 610 1038 651 rneos
1059 612 1114 672 per
1134 592 1218 655 hanc

49 678 179 736 mnam
193 694 304 737 meam
319 673 361 735 ad
372 674 507 736 eandem
518 675 711 737 solucionem
727 677 818 739 sicud
833 677 958 738 dictum
973 687 1022 739 est
1038 679 1217 744 faciendam

54 772 91 834 in
106 770 263 833 omnibus
277 778 312 834 et
328 791 385 853 per
399 771 507 834 omnia
521 778 557 833 et
571 772 612 834 ad
628 773 781 835 terminos
804 774 893 836 sicud
909 775 942 835 iu
958 781 1047 837 carta
1069 777 1217 857 praedicti

56 867 147 941 Ana,
162 886 263 950 quam
278 868 361 930 dicti
375 867 524 929 monachi
544 868 619 931 inde
643 869 775 944 habent,
790 869 915 952 plenius
931 873 1125 935 continetur.
1170 874 1216 936 Et

56 963 184 1026 siforte
199 982 261 1047 ego
276 963 328 1026 vel
343 963 462 1046 aliquis
476 964 628 1026 heredum
650 986 793 1027 meorum
811 966 851 1027 ad
872 965 1014 1049 aliquem
1036 971 1213 1032 terminum
1239 979 1325 1029 Power
1336 987 1362 1029 to

57 1060 92 1122 in
107 1059 275 1122 solucione
289 1059 342 1122 vel
355 1061 390 1122 in
406 1059 474 1142 ejus
489 1067 581 1142 parte
596 1061 815 1138 defecerimus,
835 1063 944 1145 obligo
959 1085 1011 1126 me
1033 1073 1068 1127 et
1082 1067 1213 1129 heredes
1238 1045 1353 1103 distrain.

59 1177 146 1220 meos
160 1156 260 1219 dictis
269 1154 382 1220 abbati
397 1162 432 1219 et
446 1158 611 1220 monachis
622 1158 663 1220 ad
675 1159 935 1241 distringendum
947 1165 1015 1222 tam
1025 1183 1082 1244 per
1091 1163 1212 1225 dictam

57 1259 181 1316 terram
202 1252 244 1315 dc
259 1253 402 1315 Heiham
425 1260 460 1315 et
485 1254 694 1316 medietatem
719 1254 894 1317 molendini
918 1277 1015 1338 quam
1034 1280 1089 1340 per
1105 1261 1213 1321 omnia

56 1349 141 1411 hona
158 1368 233 1412 mea
247 1348 384 1412 mobilia
396 1354 431 1411 et
446 1346 629 1411 immobilia
644 1351 839 1432 ubicumque
860 1352 993 1415 inventa
1013 1356 1134 1417 fuerint
1156 1377 1213 1438 per

57 1464 278 1529 quoscumque
301 1445 354 1508 vel
379 1446 674 1529 quomodocumque
699 1447 860 1509 voluerint
888 1469 987 1531 usque
1014 1452 1055 1512 ad
1081 1452 1212 1533 plenam

57 1541 267 1617 solucionem,
282 1543 501 1604 renunciando
517 1548 586 1605 tam
600 1564 656 1625 pro
672 1564 724 1604 me
740 1564 837 1624 quam
860 1565 915 1627 pro
938 1547 1107 1610 heredibus
1129 1551 1212 1610 meis

57 1640 147 1701 omni
155 1639 286 1701 accione
301 1644 335 1701 et
350 1639 438 1700 omni
449 1639 533 1721 juris
548 1640 689 1701 remedio
705 1645 773 1701 tam
789 1643 931 1703 canonici
943 1643 993 1704 vel
1009 1644 1112 1706 civilis
1128 1647 1213 1727 quod

57 1736 249 1818 praedictam
272 1735 510 1797 districcionem
534 1735 636 1816 possit
660 1735 768 1817 aliquo
792 1737 886 1798 modo
911 1739 1066 1819 inpedire.
1121 1742 1165 1803 Et
1187 1743 1213 1803 si

57 1832 236 1913 contigerit
261 1831 347 1913 quod
373 1831 491 1914 aliquis
520 1830 674 1892 heredum
702 1851 845 1893 meorum
876 1835 999 1895 dictam
1024 1844 1142 1898 terram
1172 1837 1212 1898 de

58 1927 202 1990 Heiham
216 1932 250 1989 et
265 1927 473 1989 medietatem
489 1925 667 1988 molendini
683 1925 736 1987 vel
753 1934 877 2008 partem
895 1948 1005 1988 earum
1021 1929 1147 1990 dederit
1161 1930 1211 1991 vel

57 2023 241 2085 vendiderit
255 2030 312 2085 aut
327 2022 436 2105 aliquo
451 2021 546 2084 modo
569 2042 588 2083 a
605 2022 700 2083 rectis
723 2022 891 2084 heredibus
915 2024 994 2083 meis
1009 2024 1211 2101 alienaverit,

56 2118 193 2183 licencia
216 2119 432 2201 distringendi
453 2118 551 2179 dictis
575 2116 686 2179 abbati
711 2124 745 2178 et
771 2119 936 2180 monachis
962 2118 1063 2180 libere
1087 2141 1212 2203 semper

56 2216 247 2294 remanebit,
263 2214 304 2278 ad
327 2234 542 2297 quoscumque
565 2222 651 2275 terra
664 2215 857 2295 pervenerit.
903 2214 948 2275 Et
963 2236 1022 2297 ego
1039 2216 1077 2277 B.
1094 2231 1128 2278 et
1143 2218 1210 2279 her.

56 2332 100 2374 m.
115 2332 189 2374 war.
213 2311 312 2394 praed.
335 2310 407 2373 abb.
430 2316 465 2372 et
488 2329 573 2372 mon.
598 2309 707 2372 omnia
733 2310 964 2390 praenominota
988 2319 1100 2373 contra
1123 2334 1208 2374 omn.

55 2409 143 2470 horn.
159 2409 194 2469 in
209 2411 412 2491 perpetuum.
459 2405 498 2467 In
514 2405 605 2487 cujus
620 2406 677 2466 rei.

122 2600 267 2684 Rogerus
281 2598 430 2662 Bertram
445 2599 484 2661 de
501 2597 647 2673 blitford,
663 2596 811 2660 salutem.
857 2597 937 2661 Nov.
954 2620 1006 2662 me
1022 2621 1108 2663 conc.
1125 2608 1159 2663 et
1175 2603 1206 2666 h.
1293 2600 1335 2666 iij·

54 2719 86 2782 p.
103 2700 223 2780 scripto
247 2696 329 2759 conl.
346 2716 403 2778 pro
427 2715 477 2757 me
500 2699 534 2757 et
556 2696 622 2757 her.
639 2715 683 2756 m.
699 2694 768 2756 Deo
791 2700 825 2756 et
847 2695 885 2756 B.
903 2696 949 2759 M.
966 2697 1048 2759 Ahb.
1065 2705 1098 2759 et
1121 2719 1207 2762 mon.
1230 2667 1377 2783 figffiffi',

54 2795 139 2857 Novi
154 2794 247 2856 Mon.
262 2793 297 2855 in
312 2791 370 2854 lib.
386 2812 457 2874 pur.
472 2797 507 2853 et
528 2811 617 2874 perp.
633 2790 674 2852 el.
689 2791 853 2852 redditum
870 2792 902 2853 xl
919 2813 943 2854 s.
964 2795 1206 2875 percipiendum
1230 2801 1309 2849 above
1321 2801 1354 2863 by

53 2891 223 2953 annuatim
238 2889 279 2952 de
293 2892 378 2950 terra
392 2889 431 2951 de
447 2887 589 2949 Heiham
604 2887 688 2949 etde
700 2887 875 2949 medietate
891 2889 1064 2951 molendini
1075 2911 1113 2951 ex
1123 2896 1207 2953 occi·
1230 2866 1353 2980 {gfffm

53 2986 179 3050 dentali
187 2990 280 3069 parte
291 2986 331 3048 de
342 2984 447 3046 North
458 2982 617 3060 Milburn,
628 3003 685 3065 per
698 3002 830 3044 manum
840 2981 1097 3067 B(o·rtlroloowi)
1107 3007 1208 3067 quon·

53 3084 130 3147 dam
154 3083 263 3144 clerici
288 3080 329 3144 de
351 3080 442 3142 Novo
457 3078 566 3142 Castro
589 3084 624 3141 et
649 3078 801 3140 heredum
817 3099 957 3155 suorum,
973 3080 1088 3162 quibus
1103 3083 1207 3144 Adam

54 3180 217 3263 quondam
232 3179 365 3241 clericus
379 3177 419 3239 de
437 3175 529 3238 Novo
550 3173 660 3237 Castro
675 3175 797 3236 dictam
813 3181 933 3236 terram
949 3181 982 3237 et
998 3178 1207 3239 medietatem

54 3274 231 3338 molendini
244 3274 335 3337 dedit
346 3273 385 3335 ad
404 3271 590 3334 solvendum
600 3270 790 3353 praedictum
807 3270 979 3332 redditum.
1004 3271 1089 3334 Hab.
1100 3279 1207 3335 etten.

53 3372 193 3434 eundem
208 3370 371 3432 redditum
385 3368 483 3451 praed.
499 3367 573 3428 abb.
590 3372 624 3428 et
640 3387 725 3428 mon.
746 3367 780 3427 in
798 3371 991 3448 perpetuum
1011 3368 1045 3427 in
1062 3369 1209 3430 omnibus

54 3475 89 3530 et
117 3488 175 3550 per
205 3467 315 3529 omnia
347 3464 437 3527 sicud
463 3468 552 3526 carta
575 3463 720 3545 predicti
750 3463 828 3524 Adae
844 3463 952 3523 clerici
983 3468 1018 3525 et
1048 3463 1208 3546 obligacio

53 3563 201 3646 praedicti
224 3561 262 3625 B.
279 3562 388 3624 clerici
404 3579 482 3643 quas
496 3559 595 3642 praed.
610 3558 683 3620 abb.
700 3563 734 3620 et
749 3578 834 3620 mon.
852 3577 947 3640 penes
969 3580 1002 3621 se
1024 3560 1145 3621 habent
1169 3562 1208 3624 de

53 3660 153 3742 praed.
168 3660 299 3722 redditu
325 3657 440 3721 melius
464 3670 497 3719 et
519 3656 646 3738 plenius
672 3662 864 3735 proportant
894 3661 926 3716 et
950 3661 1120 3718 testantur.
1169 3658 1206 3718 In

53 3756 145 3838 cujus
166 3757 214 3818 rei
236 3755 471 3817 testimonium.

119 3946 390 4034 <58b)1)i0nisia
416 3947 578 4029 quondam
605 3965 682 4007 uxor
705 3944 926 4007 Bartholomei
949 3946 989 4007 de
1019 3945 1204 4027 Pampeden
1287 3970 1326 4037 iiij

52 4044 176 4122 clerici,
191 4043 338 4107 salutem.
384 4043 466 4127 Nor.
483 4062 535 4104 me
557 4042 591 4102 in
606 4041 686 4123 ligia
701 4042 867 4103 viduatate
891 4061 962 4103 mea
977 4041 1049 4102 ded.
1066 4061 1154 4104 conc.
1171 4049 1204 4106 et
1228 4036 1311 4152 gffit
1322 4039 1356 4115 ¹35

52 4161 85 4223 p.
100 4161 129 4203 c.
145 4161 189 4202 m.
204 4139 290 4202 conf.
306 4140 375 4202 Deo
391 4145 425 4202 et
443 4140 478 4200 B.
496 4139 543 4200 M.
560 4137 642 4200 Abb.
659 4144 694 4199 et
713 4157 800 4199 mon.
816 4136 901 4198 Novi
918 4136 1006 4198 Mon.
1024 4139 1058 4198 in
1074 4158 1144 4219 pur.
1160 4140 1202 4204 el.
1228 4120 1358 4219 ,Μοξῇ

52 4244 158 4299 totam
174 4235 265 4298 illem
287 4240 406 4298 terram
428 4255 527 4317 quam
543 4233 648 4296 Adam
671 4232 806 4295 clericus
827 4237 920 4312 pater
935 4252 1024 4293 meus
1040 4235 1201 4315 quondam
1228 4236 1358 4285 Bartholo-

52 4334 162 4395 tenuit
186 4333 220 4393 in
235 4331 316 4394 ville
338 4338 372 4394 et
388 4331 553 4393 territorio
577 4330 617 4392 de
640 4329 793 4404 Heiham,
808 4348 882 4390 cum
905 4328 998 4390 tultis
1021 4336 1055 4391 et
1078 4332 1200 4409 eroftiS,
1227 4304 1337 4417 ffiff'ssf

52 4429 238 4509 mesuagiis,
264 4428 378 4511 pratis,
403 4427 529 4509 pascuis
553 4431 588 4487 et
614 4425 753 4507 pasturis
779 4429 812 4486 et
836 4444 922 4487 omn.
938 4425 1012 4487 aliis
1036 4426 1142 4491 libert.
1166 4436 1200 4493 et
1226 4434 1344 4497 ingram.

622 4540 634 4582 1
