2940 5048
458 349 507 403 DE
531 350 626 404 Novo
650 351 887 406 uonusrnmo.

74 514 219 581 heredes
242 517 294 580 sui
319 517 370 581 vel
397 518 555 602 assignati
580 521 631 583 sui
657 521 760 603 quieti
784 527 881 583 erunt
904 520 944 582 de
970 519 1114 583 multura
1138 526 1171 583 et
1197 521 1238 583 de

79 613 238 677 omnibus
255 615 401 677 serviciis
416 620 450 678 et
471 614 635 678 demendis
649 615 691 679 ad
706 617 834 679 dictum
855 617 1079 679 molendinum
1103 624 1137 679 et
1152 621 1241 698 stag·

83 730 168 772 uum
183 711 436 793 pertinentibus.
480 711 526 773 Et
540 733 600 797 ego
615 717 649 775 et
671 713 739 776 her.
754 733 798 775 m.
816 713 923 774 omnia
946 713 1044 795 praed.
1060 718 1154 795 prata
1169 733 1244 774 cum

87 808 213 889 pertin.
224 813 263 868 ut
277 807 402 870 dictum
418 811 479 885 est,
490 807 577 870 dicto
592 807 631 871 B.
643 815 677 873 et
692 809 759 871 her.
775 830 801 873 s.
811 809 861 871 vel
875 811 993 891 assign.
1006 816 1117 871 contra
1131 828 1243 871 omnes

90 906 208 983 gentes
223 923 297 964 war.
313 923 383 985 acq.
400 908 436 966 et
450 903 514 966 def.
529 904 564 964 in
579 909 781 986 perpetuum.
827 905 872 967 Et
887 905 985 986 praed.
1001 905 1040 966 B.
1057 911 1091 967 et
1106 906 1176 966 her.
1192 905 1243 965 sui

91 1002 198 1059 totam
212 996 425 1060 medietatem
440 998 520 1060 dicti
531 999 708 1061 molendini
719 1020 793 1061 cum
809 1001 926 1081 pertin.
939 1000 1020 1061 mihi
1032 1006 1065 1061 et
1081 1001 1148 1061 her.
1161 1000 1243 1062 meis

92 1099 207 1250 pontrp
215 1112 302 1155 omn.
319 1100 434 1177 gentes
443 1114 515 1156 war.
527 1099 562 1157 et
573 1094 748 1158 defendent
757 1096 793 1156 in
804 1101 1007 1177 perpetuum.
1031 1095 1072 1157 In
1084 1095 1174 1178 cujus
1185 1094 1241 1157 rei.

120 1189 183 1251 esti
205 1208 254 1251 us.

161 1380 273 1446 Simon
296 1383 336 1446 de
358 1381 559 1462 Diueleston,
584 1384 730 1447 salutem.
775 1384 857 1447 Nov.
881 1404 934 1448 me
961 1384 1001 1446 de
1028 1404 1181 1448 consensu
1208 1387 1242 1447 et
1267 1404 1392 1468 omnrby

93 1478 261 1542 voluntate
275 1479 408 1542 Thomas
422 1479 482 1542 filii
496 1481 562 1543 mei
575 1485 610 1543 et
623 1481 749 1542 heredis
763 1480 834 1542 ded.
850 1501 937 1542 conc.
954 1487 988 1542 et
1006 1501 1038 1563 p.
1053 1502 1081 1543 c.
1098 1502 1141 1543 m.
1157 1480 1240 1542 conf.
1266 1470 1349 1546 Sinon
1361 1470 1391 1518 of

93 1574 173 1637 Adae
188 1574 230 1638 de
243 1574 336 1638 Novo
352 1576 463 1639 Castro
479 1579 565 1638 totas
579 1576 652 1638 illas
666 1581 804 1658 quatuor
815 1577 945 1638 bovatas
961 1582 1054 1640 terrae
1069 1578 1102 1637 in
1113 1576 1191 1638 villa
1207 1582 1240 1637 et
1266 1536 1413 1651 pppprpfto

94 1670 258 1731 territorio
273 1670 313 1733 dc
330 1670 472 1732 Heiham
487 1691 561 1733 cum
574 1672 659 1734 tofto
674 1676 708 1734 et
724 1671 836 1747 crofto,
860 1670 1007 1732 domibus
1030 1678 1064 1732 et
1088 1671 1241 1747 aedificiis,
1266 1666 1413 1742 Reversus.

95 1766 207 1848 pratis,
221 1767 348 1847 pascuis
371 1772 405 1828 et
427 1766 574 1828 omnibus
595 1765 668 1828 aliis
690 1767 897 1849 pertinenciis
912 1768 980 1827 sine
995 1766 1103 1847 aliquo
1118 1772 1242 1828 retene-
1265 1731 1415 1849 {goffia

94 1866 301 1943 mento,quas
309 1862 415 1924 Adam
422 1861 508 1923 filius
520 1861 619 1924 Edolf
625 1862 665 1924 de
673 1882 726 1924 me
735 1863 930 1937 tenuit,cum
942 1863 1104 1923 communi
1113 1868 1244 1943 pastura

94 1963 130 2018 et
153 1957 304 2020 omnihus
325 1957 398 2019 aliis
419 1956 623 2020 libertatibus
646 1962 680 2019 et
705 1959 889 2020 asiamentis
911 1957 1072 2038 praedictae
1095 1961 1188 2019 terrae
1210 1958 1246 2018 in

94 2052 209 2115 eadem
230 2052 310 2114 villa
331 2052 579 2134 pertinentibus,
601 2073 665 2114 una
687 2073 762 2115 cum
783 2059 922 2135 quatuor
943 2053 1024 2113 acris
1043 2057 1137 2114 terrae
1152 2072 1246 2134 super

96 2147 316 2230 Haufurlang.
357 2147 443 2209 Hah.
460 2152 494 2209 et
501 2153 569 2211 ten.
584 2148 673 2210 dicto
688 2148 765 2211 Adae
780 2154 813 2209 et
828 2149 895 2209 her.
911 2169 935 2209 s.
951 2148 1002 2209 vel
1018 2150 1069 2209 cui
1088 2149 1248 2231 assignare

97 2243 236 2307 voluerit
250 2244 288 2304 in
302 2247 495 2325 perpetuum
509 2243 549 2305 de
564 2263 616 2306 me
632 2249 666 2306 et
681 2244 748 2306 her.
760 2264 804 2305 m.
817 2243 873 2305 lib.
887 2245 954 2325 qui.
971 2242 1027 2305 sol.
1043 2247 1077 2304 et
1091 2244 1164 2319 int,
1176 2243 1249 2304 red-

96 2340 204 2402 dendo
213 2338 292 2401 inde
301 2339 470 2400 annuatim
479 2340 562 2400 mihi
572 2339 681 2415 ether.
692 2340 771 2400 meis
780 2360 882 2401 unum
894 2340 1060 2402 denarium
1070 2343 1199 2400 tantum
1208 2339 1250 2400 ad

97 2436 325 2510 Pentecosten,
335 2439 370 2496 et
384 2434 487 2517 quieti
497 2444 592 2497 erunt
604 2434 643 2496 de
654 2440 741 2497 secta
753 2435 850 2496 curiae
862 2455 952 2512 meae,
962 2434 1107 2497 faciendo
1119 2435 1249 2496 domino

97 2529 181 2613 Regi
197 2533 233 2591 et
244 2529 384 2592 dominis
399 2529 484 2591 feodi
499 2529 589 2592 illius
604 2531 751 2593 debitum
766 2531 936 2592 servicium
947 2536 980 2592 et
991 2534 1179 2592 consuetum
1191 2549 1249 2612 pro

96 2626 188 2687 omni
202 2623 267 2686 ulio
282 2625 415 2687 servicio
431 2645 516 2687 cons.
532 2645 637 2689 exacc.
650 2631 685 2689 et
698 2626 783 2688 dem.
816 2626 861 2688 Et
877 2645 936 2707 ego
952 2625 1063 2688 Simon
1079 2632 1113 2688 et
1128 2627 1192 2688 her.
1205 2646 1249 2687 m.

96 2726 204 2785 totam
226 2720 324 2802 praed.
340 2726 416 2783 terr.
432 2741 506 2782 cum
527 2723 647 2802 pertin.
662 2721 752 2784 dicto
774 2721 852 2784 Adae
874 2729 907 2782 et
928 2722 994 2784 her.
1013 2742 1038 2784 s.
1055 2721 1106 2783 vel
1130 2722 1248 2803 assign.

96 2822 212 2880 contra
227 2835 313 2878 omn.
329 2820 442 2898 gentes
457 2837 528 2879 war.
545 2817 580 2878 in
591 2821 783 2899 perpetuum
799 2821 833 2878 et
848 2816 1064 2878 defendemus.
1110 2817 1173 2878 Pro
1189 2818 1250 2878 hac

97 3008 231 3072 bovatas
241 3012 336 3070 terrae
351 3028 425 3070 cum
439 3008 595 3083 aedificiis,
607 3008 764 3083 domibus,
776 3008 875 3090 pratis
887 3013 921 3069 et
932 3008 1056 3089 pascuis
1073 3009 1109 3069 in
1124 3027 1250 3069 excam-

98 3105 164 3167 hiis
178 3124 257 3186 quas
278 3103 409 3186 quidem
431 3103 571 3165 Thomas
593 3104 679 3166 filius
701 3102 807 3166 Heliae
831 3104 871 3166 de
893 3103 980 3164 dicto
997 3103 1074 3165 Adae
1093 3103 1200 3163 tenuit
1214 3103 1250 3162 in
1325 3182 1326 3186 Ἰ

99 3200 263 3263 territorio
277 3198 319 3261 de
336 3198 442 3261 North
465 3198 622 3262 Milburn.
667 3199 752 3261 Hah.
768 3202 802 3260 et
824 3204 890 3261 ten.
907 3198 988 3258 mihi
1011 3202 1044 3259 et
1066 3198 1132 3258 her.
1149 3217 1192 3257 m.
1208 3196 1249 3257 de

99 3296 187 3359 dicto
203 3296 275 3359 Ada
288 3300 323 3357 et
337 3295 402 3357 her.
415 3315 439 3357 s.
454 3294 506 3356 vel
521 3295 636 3376 assign.
652 3294 687 3355 in
703 3299 894 3375 perpetuum
909 3292 965 3353 lib.
982 3293 1048 3372 qui.
1064 3296 1097 3353 et
1112 3292 1249 3371 integre,

98 3392 261 3455 reddendo
275 3391 351 3453 inde
367 3392 536 3452 annuatim
550 3391 638 3452 dicto
654 3391 731 3453 Adae
754 3394 788 3451 et
808 3387 978 3451 heredibus
997 3389 1063 3449 suis
1080 3386 1129 3447 vel
1151 3386 1250 3468 assig-

98 3489 183 3550 natis
206 3506 309 3549 unum
325 3486 491 3548 denarium
511 3486 552 3548 ad
574 3484 796 3561 Pentecosten,
811 3492 845 3546 et
860 3483 1005 3545 faciendo
1021 3482 1151 3544 domino
1166 3481 1249 3563 Regi

99 3587 133 3645 et
146 3583 287 3645 dominis
302 3581 389 3643 feodi
404 3582 554 3643 debitum
570 3581 740 3642 servicium
755 3586 790 3641 et
804 3584 992 3641 consuetum
1006 3598 1064 3660 pro
1079 3578 1170 3638 omni
1185 3577 1249 3639 alio

100 3678 229 3740 servicio
245 3698 333 3739 cons.
349 3683 383 3739 et
404 3677 488 3739 dem.
534 3676 579 3737 Et
601 3677 706 3737 dictus
722 3675 825 3737 Adam
847 3679 882 3736 et
903 3675 953 3736 sui
975 3675 1041 3736 her.
1057 3673 1107 3735 vel
1129 3673 1247 3756 assign.

99 3778 201 3836 totam
216 3773 317 3856 praed.
332 3778 451 3834 terram
466 3776 503 3834 ut
518 3770 643 3833 dictum
658 3775 707 3832 est
726 3771 807 3832 mihi
828 3775 862 3832 et
884 3771 951 3831 her.
968 3790 1011 3831 m.
1028 3777 1139 3831 contra
1162 3788 1247 3830 omn.

99 3877 211 3950 gentes
225 3889 299 3932 war.
316 3874 350 3930 et
364 3869 398 3930 in
414 3872 606 3949 perpetuum
620 3866 805 3928 defendent.
850 3865 890 3927 In
905 3865 996 3947 cujus
1010 3866 1066 3926 rei.

163 4059 264 4143 (eth)
286 4058 455 4135 Omnibus,
479 4065 541 4121 etc.
565 4056 677 4121 Simon
706 4057 746 4120 de
776 4056 973 4118 Diueieston.
1018 4056 1099 4118 Nov.
1123 4075 1175 4117 me
1204 4055 1245 4118 de
1274 4070 1350 4121 cana

101 4176 251 4219 consensu
265 4161 300 4218 et
316 4156 482 4218 voluntate
497 4154 629 4216 Thomas
651 4152 713 4214 filii
734 4154 798 4214 mei
819 4160 854 4214 et
872 4153 996 4213 heredis
1017 4152 1089 4214 ded.
1106 4172 1194 4213 conc.
1211 4156 1245 4214 et
1293 4139 1395 4266 rm!

101 4270 130 4331 p.
154 4272 247 4313 c.1n.
271 4250 353 4312 conf.
377 4247 637 4333 B(urtbolomco)
664 4249 703 4311 de
733 4248 824 4310 Novo
846 4246 967 4323 Castro,
990 4247 1117 4325 clerico,
1139 4253 1245 4310 totam
1270 4266 1395 4318 simonos

100 4345 188 4408 illam
204 4352 368 4429 pastinum
384 4346 494 4407 subtus
513 4345 716 4424 Haufurlang
736 4344 770 4404 in
791 4362 903 4423 campo
922 4341 961 4403 de
986 4342 1138 4420 Hciham,
1150 4343 1246 4426 juxta
1270 4330 1409 4449 fflglg?

102 4442 240 4503 rivulum
249 4442 289 4504 de
301 4441 455 4503 Millburn
464 4461 483 4502 a
492 4442 609 4502 fossato
619 4440 698 4502 dicti
710 4440 747 4504 B.
759 4459 856 4520 usque
867 4437 1151 4516 Glassenacreside,
1159 4440 1246 4502 vide·
1271 4479 1334 4514 ,m
1345 4464 1373 4514 ot
