2940 5048
81 304 129 375 44
691 323 966 376 cunarurxaruu

132 500 176 566 viij
322 491 443 553 Tenere
467 492 633 574 praesentis
660 497 782 575 pateat,
808 493 993 575 quodcum
1019 493 1106 554 inter
1130 485 1294 574 religiosos
1321 490 1406 552 viros

80 569 208 684 ggffffissg
255 588 338 650 Abb.
354 593 388 649 et
404 588 502 651 Conv.
513 589 596 651 Novi
612 589 702 651 Mon.
716 590 836 651 ordinis
849 588 1068 652 Cistereiensis
1083 589 1236 651 Dunelm.
1246 588 1407 650 dioceseos

80 702 180 749 Marion
255 706 294 745 ex
311 690 401 766 parte
416 705 491 760 una,
507 689 540 746 et·
555 686 743 748 reverendos
759 687 844 748 viros
865 685 1030 747 custodem
1054 685 1211 747 scolarum
1235 689 1270 746 et
1292 685 1406 746 fratres

80 767 224 882 g‘ss'ffl’as
256 783 370 843 domus
386 782 425 843 de
441 782 570 843 Merton
586 783 620 843 in
638 781 772 858 Omnia,
788 783 955 845 ecclesiam
977 782 1018 844 de
1042 782 1222 844 Ponteland
1243 781 1406 864 praedictae

80 908 106 946 a,
119 856 196 947 tillido
256 879 414 940 dioceseos
430 878 491 940 sibi
507 880 747 961 appropriatam
763 881 914 941 canonice
931 880 1114 961 optinentes
1129 900 1167 940 ex
1184 885 1278 961 parte
1293 878 1406 952 altera,

79 967 108 1079 {f
119 966 214 1040 H⁰sl¹l¹¹
256 995 351 1055 super
382 974 516 1036 decimis
546 976 586 1037 de
612 977 707 1037 terris
741 982 774 1037 et
811 975 1063 1057 possessionibus
1089 976 1130 1037 ad
1155 975 1330 1057 grangiam
1365 974 1405 1036 dc

80 1048 219 1161 p'fffi'fn
256 1071 394 1146 Horten,
410 1072 528 1134 bercar'
543 1078 576 1134 et
592 1073 694 1154 petar’
710 1072 941 1154 spectantibus,
957 1076 991 1133 et
1006 1073 1091 1134 infra
1105 1072 1229 1135 limites
1245 1071 1406 1154 parochiae

80 1163 225 1212 l‘onrehnu.
255 1168 416 1250 praedictae
431 1168 573 1231 eeclesias
588 1169 628 1231 de
646 1168 824 1231 Ponteland
839 1169 1063 1244 existentibus,
1079 1174 1150 1231 orta
1160 1168 1254 1254 (alb)
1270 1169 1406 1230 fuissent

255 1264 360 1326 multa
386 1266 571 1347 quaestionis
596 1287 633 1328 ex
658 1287 694 1328 eo
710 1266 795 1347 quod
811 1267 892 1328 dicti
915 1270 1021 1328 custos
1044 1266 1204 1328 scolarum
1226 1265 1405 1343 attrahes,

254 1362 359 1442 quoad
375 1363 598 1443 percepcioues
621 1362 782 1423 dictarum
805 1362 1002 1423 decimarum
1025 1382 1114 1423 suam
1130 1363 1351 1423 intencionem
1365 1362 1405 1424 de

250 1457 324 1538 jure
340 1458 568 1519 confundatam
582 1457 678 1519 dictis
695 1457 777 1519 Abb.
793 1465 827 1519 et
843 1458 941 1521 Conv.
958 1478 990 1518 se
1006 1479 1063 1540 per
1077 1458 1250 1540 privilegia
1265 1478 1405 1540 quorun·

256 1553 331 1613 dam
347 1551 526 1615 Ponteland
547 1574 566 1614 a
589 1558 733 1634 tempore
757 1553 848 1635 cujus
864 1555 1019 1615 memoria
1041 1574 1105 1616 non
1127 1554 1240 1616 existit
1262 1555 1404 1615 munitos

254 1649 352 1709 fuisse
369 1654 403 1710 et
426 1669 492 1710 esse
508 1649 770 1731 praetendebant3
795 1651 926 1712 demum
941 1650 1106 1731 praedicta
1121 1655 1228 1733 partes
1251 1650 1405 1712 habentes

255 1745 332 1806 hinc
354 1745 430 1806 inde
453 1745 574 1806 evitare
591 1745 735 1807 volentes
759 1746 818 1806 suh
833 1746 936 1808 forma
954 1746 1038 1808 infra
1053 1747 1173 1828 scripta
1187 1746 1405 1808 amicabiliter

255 1846 512 1923 composuerunt,
542 1842 704 1916 videlicet,
742 1842 826 1923 quod
862 1843 1008 1923 praedicti
1038 1842 1120 1905 Abb.
1151 1848 1185 1904 et
1216 1842 1316 1906 Conv.
1348 1862 1404 1924 pro

255 1939 403 2000 omnibus
427 1943 461 2000 et
486 1938 622 2021 singulis
647 1939 804 2000 fructibus
827 1938 1102 2019 provenientibus,
1129 1938 1341 2001 decimalibus
1364 1939 1404 2001 de

255 2034 333 2097 locis
348 2035 521 2098 antedictis
536 2036 704 2097 annuatim
716 2035 985 2116 provenientibus,
995 2056 1052 2096 nec
1065 2055 1128 2096 non
1144 2055 1202 2116 pro
1217 2035 1404 2098 Berwilxflat

256 2137 291 2193 et
306 2131 452 2213 Derling,
468 2152 548 2212 quas
563 2132 707 2192 culturas
724 2131 776 2192 die
792 2131 1004 2192 confeccionis
1027 2132 1238 2214 praesencium
1254 2132 1295 2193 de
1310 2133 1403 2194 terri-

256 2228 337 2289 torio
354 2227 440 2290 villae
462 2227 502 2289 de
525 2227 629 2288 Parva
652 2226 776 2287 Berwilx
800 2227 881 2289 dicti
905 2227 987 2288 Abb.
1003 2233 1037 2288 et
1060 2227 1157 2290 Conv.
1175 2227 1260 2290 infra
1282 2226 1404 2290 limites

80 2329 231 2394 Thoxtboy
256 2325 414 2406 parochiae
438 2323 579 2384 ecelesiae
605 2324 767 2403 praedictae
794 2323 989 2398 habuerunt,
1010 2328 1083 2385 octo
1107 2343 1231 2385 marcas
1256 2324 1402 2406 sterling.

80 2403 167 2519 {puppy
256 2424 384 2481 tantum
409 2418 544 2499 singulis
570 2420 673 2493 annis,
700 2419 796 2480 dictis
823 2419 947 2480 custodi
975 2419 1086 2481 scolar.
1111 2425 1145 2480 et
1171 2418 1326 2481 fratribus
1347 2440 1403 2501 pro

80 2527 163 2573 maula
255 2521 399 2596 tempore
414 2520 581 2595 perpetuo,
593 2515 723 2576 nomine
739 2515 879 2576 ecclesiae
895 2514 935 2576 de
952 2514 1142 2591 Ponteland,
1154 2515 1250 2576 dictis
1261 2517 1356 2578 terris
1370 2519 1404 2578 et

79 2592 209 2705 2¹1¹¹fi¹ffl¹l¹¹gp
256 2609 502 2692 possessionibus
525 2610 559 2670 in
586 2631 696 2672 eorum
720 2610 868 2672 manibus
893 2611 1117 2686 existentibus,
1134 2611 1258 2673 solvent
1273 2614 1403 2674 nomine

79 2723 151 2777 tirno,
164 2733 190 2771 to
255 2708 451 2769 decimarum
466 2708 499 2767 in
515 2706 647 2768 ecclesia
662 2707 835 2788 parochiali
852 2707 1026 2783 antedicta,
1042 2712 1075 2769 et
1090 2708 1129 2769 de
1142 2708 1263 2769 eisdem
1278 2709 1403 2770 satisfa-

80 2790 179 2903 {J‘ffssl
254 2805 340 2864 cient
355 2805 388 2864 in
406 2803 550 2864 futurum
566 2824 620 2884 per
643 2804 779 2885 aequales
802 2805 966 2884 porciones
989 2806 1167 2879 annuatim,
1184 2803 1346 2879 videlicet,
1361 2804 1402 2866 ad

101 2872 115 2903 ⁰
137 2875 186 2917 “t‘
254 2899 372 2959 festum
396 2898 428 2960 S.
445 2898 614 2960 Michaelis
637 2899 831 2980 archangeli,
852 2906 990 2981 quatuor
1012 2920 1145 2975 marcas,
1161 2905 1195 2962 et
1217 2901 1259 2963 ad
1283 2901 1402 2963 festum

255 2995 288 3056 S.
305 2995 408 3056 Marci
424 2995 637 3076 evangelistae,
653 3000 791 3077 quatuor
806 3017 938 3072 marcae,
954 2997 1059 3079 primo
1078 2998 1216 3059 termino
1232 2997 1401 3060 solucionis

253 3092 292 3151 ad
310 3091 429 3152 festum
445 3091 477 3154 S.
495 3092 663 3155 Michaelis
679 3093 859 3173 proximum
874 3097 947 3174 post
962 3092 1076 3153 datum
1098 3094 1307 3172 praesenciam
1322 3094 1402 3155 inci·

254 3191 383 3270 pienle3
417 3190 456 3250 ad
481 3210 578 3270 quam
603 3188 795 3249 solucionem
820 3188 1009 3270 supradictis
1034 3187 1103 3249 loco
1127 3194 1161 3250 et
1187 3190 1335 3251 terminis
1357 3191 1401 3251 sic

253 3286 442 3359 faciendam,
458 3285 605 3365 obligant
628 3286 707 3345 dicti
723 3284 830 3346 Abbas
846 3289 880 3345 et
901 3285 1084 3348 Conventus
1106 3304 1139 3345 se
1161 3290 1194 3346 et
1210 3305 1401 3347 successores

254 3404 324 3442 suos
355 3384 387 3442 in
415 3387 616 3462 perpetuum,
632 3381 825 3441 discrecione
849 3385 882 3441 et
909 3380 1095 3441 coheroione
1120 3379 1336 3463 cujuscunque
1346 3381 1401 3464 ju-

254 3479 333 3538 dicis
349 3477 555 3538 ecelesiastici
578 3480 612 3536 et
635 3476 739 3536 civilis
762 3477 976 3537 renunciando
999 3477 1181 3557 excepcioni
1200 3477 1261 3538 fori
1279 3477 1399 3560 judicis

79 3599 106 3644 Js
116 3600 149 3646 1„
163 3607 188 3645 ῃ,
254 3574 487 3654 cujuscumque.
541 3570 575 3632 Si
603 3590 676 3630 vero
700 3573 866 3654 contingat
895 3572 998 3633 dictos
1022 3571 1094 3633 abb.
1122 3577 1156 3634 et
1185 3592 1275 3634 conv.
1297 3574 1399 3636 dictas

79 3681 127 3749 ²¹ng
140 3680 198 3738 ⁸³Y⁰
255 3678 354 3731 terras
379 3675 413 3729 et
443 3668 650 3748 possessiones
682 3669 825 3748 grangiae
850 3667 890 3729 de
922 3667 1058 3743 Horton,
1088 3666 1206 3730 bercar'
1236 3673 1270 3731 et
1299 3668 1399 3752 petar’

79 3732 217 3846 ,ffffffss‘l'g
256 3763 438 3827 llorwilzilat
454 3769 487 3826 et
502 3763 648 3844 Derling‚
664 3784 718 3824 seu
740 3784 849 3824 earum
868 3764 1009 3845 aliquam
1025 3764 1074 3825 vel
1095 3763 1219 3846 aliquas
1234 3764 1333 3827 alicui
1349 3763 1399 3828 vel

79 3863 203 3951 papinio
254 3862 413 3943 aliquibus
428 3861 468 3921 ad
485 3860 610 3920 firmam
625 3859 789 3921 dimittere
809 3859 1035 3941 cujuscumque
1045 3861 1239 3922 condicionis
1255 3863 1399 3924 extiterit

80 3929 208 4043 {2‘,'„{1f’''¹⁰'
255 3959 304 4020 vel
329 3959 508 4032 extiterint,
523 3957 663 4038 personis
686 3957 735 4017 sui
759 3955 879 4017 ordinis
907 3957 1065 4016 duntaxat
1091 3957 1243 4037 exceptis,
1268 3959 1320 4019 vel
1342 3977 1399 4040 per

254 4060 398 4116 tenentes
423 4075 493 4114 suos
517 4054 619 4114 dictas
643 4056 742 4113 terras
769 4057 803 4113 et
830 4054 1037 4134 possessiones
1063 4073 1118 4114 seu
1144 4052 1267 4134 aliquas
1289 4074 1398 4116 earum

254 4152 407 4225 excolere,
423 4155 538 4210 extunc
562 4149 641 4210 dicti
662 4152 809 4210 tenentes
833 4155 867 4208 et
889 4147 1021 4209 firmarii
1044 4152 1078 4210 et
1100 4148 1167 4222 alii,
1183 4148 1398 4232 cujuscunque

254 4247 449 4308 condicionis
485 4246 613 4317 fuerint,
642 4245 781 4305 decimas
811 4244 850 4305 de
883 4243 961 4305 locis
991 4245 1164 4306 antedictis
1194 4245 1398 4328 integraliter

254 4345 393 4403 ecelesiae
430 4341 603 4422 parochiali
633 4341 673 4401 de
704 4339 882 4401 Ponteland
916 4342 1084 4402 annuatim
1114 4341 1308 4423 persolvant.
1354 4343 1398 4403 Et

254 4439 399 4525 praedicti
429 4444 533 4499 eustos
560 4436 715 4498 scolarum
737 4442 769 4497 et
793 4437 907 4498 fratres
929 4437 1090 4518 praedictis
1112 4437 1232 4499 Abbati
1255 4444 1289 4500 et
1316 4438 1397 4503 Con·
