2940 5048
522 304 794 359 cnaawmalurr

75 475 214 553 Rodum,
239 484 273 537 et
300 475 322 558 ij
329 516 333 521 -
350 495 438 536 aeras
468 475 554 555 prati
579 495 618 536 ex
647 474 796 557 aquilone
822 475 864 537 de
890 474 1128 558 Lymkilneflat
1156 497 1227 540 cum

76 578 206 652 pastura
234 572 289 652 viij
319 571 419 633 bobus
446 577 480 632 et
507 571 529 653 ij
555 572 660 632 vaccis
686 576 720 632 et
746 573 804 631 uni
831 571 958 634 caballo
984 579 1020 634 et
1048 573 1083 635 lx
1109 574 1226 637 ovibus.

75 667 235 728 Praeterea
261 668 399 728 concessi
426 674 459 729 et
486 687 518 748 p.
543 689 570 728 c.
594 666 678 728 conf.
694 667 792 747 praed.
808 687 896 728 mon.
912 668 1080 749 quandam
1105 676 1225 752 partem

75 769 168 825 terrae
183 784 221 824 ex
237 763 369 824 australi
391 769 484 844 parte
499 763 540 824 de
555 760 655 844 (71bt
670 761 783 837 Cobet,
798 783 870 844 quae
887 770 1021 825 vocatur
1035 764 1224 847 Dunneley,

75 879 131 941 per
158 859 214 919 has
240 859 369 933 divisas,
394 859 528 936 scilicet,
554 859 645 920 sicud
671 877 827 940 magnum
852 860 916 921 iter
940 861 1093 923 extendit
1122 881 1156 923 se
1187 862 1225 924 de

75 954 229 1016 Bikerton
247 976 354 1016 versus
372 955 514 1031 beatem,
526 961 560 1015 et
575 956 621 1016 sic
637 974 656 1015 a
671 955 776 1035 capite
791 955 830 1015 de
843 954 1014 1037 Dunneley
1025 976 1068 1017 ex
1082 958 1224 1020 orientali

76 1058 166 1132 parte
189 1051 228 1112 de
252 1051 447 1113 Heselicroft
469 1071 577 1112 versus
602 1049 785 1131 aquilonem
807 1071 906 1133 usque
928 1052 965 1112 in
988 1051 1106 1131 Coket,
1126 1061 1161 1117 ct
1181 1057 1223 1116 sic

76 1147 193 1209 deinde
216 1169 322 1209 versus
344 1148 543 1210 occidentem
567 1148 729 1229 usquead
752 1148 869 1210 diiisas
891 1149 931 1210 de
955 1148 1117 1212 Bikerton
1138 1151 1222 1213 sicud

77 1264 160 1325 aqua
175 1244 214 1306 de
231 1243 333 1307 Coket
348 1245 524 1318 descendit,
540 1250 573 1305 et
589 1246 635 1305 sic
649 1246 767 1305 iterum
782 1264 838 1325 per
854 1245 957 1307 dictas
980 1246 1103 1308 divisas
1122 1268 1222 1310 versus

77 1348 220 1401 austrum
244 1343 391 1422 usquein
406 1360 561 1421 magnum
584 1341 648 1401 iter
662 1341 702 1401 de
717 1339 912 1422 Dunnesley,
927 1346 963 1403 et
981 1342 1004 1425 ij
1023 1362 1114 1405 acras
1136 1349 1223 1406 terra

77 1458 117 1497 ex
129 1437 277 1498 orientali
293 1442 384 1518 parte
398 1436 560 1517 praedictae
572 1438 633 1498 iiae
644 1437 684 1498 de
697 1436 889 1518 Dunnesley,
899 1458 978 1519 quas
990 1443 1093 1500 terras
1108 1438 1223 1502 habent

77 1554 115 1594 ex
138 1533 220 1593 dono
235 1533 266 1595 J.
284 1534 323 1595 de
340 1532 547 1594 Lettelwelle.
595 1533 640 1594 Et
663 1534 826 1594 sciendum
849 1535 935 1615 quod
958 1534 1029 1597 haec
1051 1536 1223 1598 asiamenta

77 1629 241 1689 habebunt
256 1651 294 1690 ex
310 1629 441 1690 australi
457 1644 547 1710 parte
562 1629 601 1689 de
618 1627 730 1705 Cobet,
740 1629 873 1705 seilicet,
884 1650 960 1691 cum
976 1632 1128 1693 omnibus
1142 1652 1223 1693 com·

78 1727 180 1787 modis
196 1728 314 1788 tamin
330 1727 472 1788 aedificiis
490 1747 587 1807 quam
607 1725 678 1787 aliis
699 1747 769 1808 quae
789 1727 873 1787 infra
895 1728 1089 1808 praedictam
1111 1736 1222 1791 terram

78 1823 181 1884 facere
196 1828 359 1904 poterunt,
369 1843 443 1883 cum
463 1829 592 1904 pastura
603 1843 623 1882 v
633 1829 663 1856 ¹¹
679 1822 866 1884 matricibus
882 1823 994 1885 ovibus
1009 1844 1087 1885 eum
1102 1824 1222 1907 sequela

78 1921 173 1979 unius
188 1921 264 1980 anni
280 1920 364 1980 infra
379 1925 564 1999 coopertum
578 1922 612 1978 et
628 1924 729 1992 extra,
745 1925 778 1979 et
793 1940 867 1980 cum
882 1925 1015 2000 pastura
1034 1919 1138 1983 bobus
1152 1922 1223 1998 suis,

79 2016 232 2098 quamdiu
254 2027 372 2076 terram
395 2013 487 2075 illam
503 2015 672 2090 araverint,
687 2020 721 2075 et
736 2035 808 2075 cum
828 2016 1008 2077 asiamento
1024 2017 1172 2098 capiendi
1186 2018 1222 2079 ad

79 2112 257 2175 aedificand.
270 2111 456 2193 praedictam
471 2114 600 2172 terram.
637 2111 681 2171 Et
692 2111 855 2171 sciendum
871 2110 955 2192 quod
971 2131 1033 2194 ego
1044 2112 1077 2174 J.
1090 2113 1223 2175 relaxavi

79 2216 113 2271 et
136 2211 281 2290 quietum
308 2207 442 2268 clamavi
466 2207 505 2267 de
528 2226 579 2267 me
602 2213 635 2268 et
658 2207 723 2268 ber.
747 2228 790 2268 m.
814 2209 848 2268 in
871 2214 1076 2289 perpetuum,
1099 2215 1134 2271 et
1155 2210 1223 2272 dedi

80 2306 177 2386 praed.
194 2324 278 2364 mon.
290 2324 346 2383 pro
362 2302 529 2363 animabus
544 2321 629 2362 omn.
644 2309 796 2363 autecess.
812 2309 846 2364 et
860 2304 927 2364 her.
940 2323 981 2364 m.
992 2304 1071 2386 xviij
1083 2305 1223 2368 denarios

80 2422 157 2483 quos
180 2401 212 2461 J.
236 2399 275 2459 de
301 2397 476 2460 Lettelwell
503 2397 623 2459 solebat
649 2400 815 2459 annuatim
842 2398 962 2460 solvere
988 2401 1076 2481 patri
1103 2422 1174 2464 meo
1193 2406 1224 2463 et

80 2497 160 2557 mibi
176 2496 217 2556 ad
233 2496 349 2555 festum
366 2494 476 2554 Sancti
491 2493 649 2555 Johannis
665 2494 820 2574 Baptistae
835 2515 891 2575 pro
905 2495 1005 2576 praed.
1018 2501 1118 2575 terra,
1129 2499 1176 2559 ita
1188 2502 1224 2557 ut

81 2593 178 2672 praed.
189 2610 275 2650 mon.
285 2590 323 2649 de
336 2596 449 2650 caetero
460 2589 598 2651 habeant
610 2596 644 2651 et
655 2595 787 2650 teneant
799 2597 902 2652 totam
915 2593 1013 2672 praed.
1023 2599 1145 2655 terram
1155 2614 1223 2655 cum

81 2685 286 2768 pertinenciis
309 2685 372 2744 suis
396 2687 430 2744 in
453 2685 509 2746 lib.
526 2706 592 2766 pur.
609 2692 642 2746 et
662 2707 750 2767 perp.
767 2686 806 2747 el.
822 2688 966 2767 quietam
982 2695 1016 2749 et
1032 2688 1172 2751 solutam
1185 2689 1224 2751 ab

80 2803 165 2843 omn.
190 2803 268 2841 serv.
292 2800 376 2841 cons.
399 2788 432 2840 et
455 2782 539 2842 dem.
564 2783 652 2843 sicud
679 2783 787 2864 aliqua
810 2782 851 2843 el.
873 2783 1005 2845 liberius
1028 2789 1062 2846 el
1085 2787 1224 2868 quiecius

81 2885 186 2958 potest
203 2878 366 2957 possideri,
382 2898 456 2937 cum
473 2878 618 2938 omnibus
641 2879 864 2940 communibus
886 2881 1073 2942 asiamentis
1089 2882 1175 2945 villae
1188 2882 1224 2943 de

82 2974 123 3034 K.
136 2980 168 3033 et.
181 2974 383 3033 libertatibus
399 2974 587 3054 supradictis
602 2975 642 3034 ad
659 2975 841 3035 faciendum
856 2976 889 3035 iu
906 2977 1095 3056 praedictam
1110 2983 1224 3040 terram

81 3092 174 3130 ornne
190 3071 392 3131 commodum
416 3091 509 3129 suum
533 3071 622 3131 sicud
638 3073 684 3131 eis
699 3071 865 3152 placuerit..
912 3072 1072 3135 Praeterea
1088 3074 1225 3136 relaxavi

80 3173 114 3227 et
129 3169 275 3247 quietum
291 3167 425 3228 clamavi
438 3166 534 3246 praed.
548 3186 632 3226 mon.
643 3187 700 3246 pro
716 3186 767 3227 me
782 3173 816 3228 et
831 3168 896 3228 ber.
913 3188 956 3227 m.
974 3168 1009 3228 in
1024 3178 1225 3251 perpetuum,

80 3271 185 3323 toturn
208 3263 262 3343 jus
288 3264 372 3343 quod
399 3270 608 3322 antecessores
635 3264 698 3323 mei
726 3262 776 3323 vel
804 3282 862 3344 ego
889 3264 1060 3326 habuimus
1089 3266 1225 3347 ponendi

80 3380 179 3419 ununi
204 3380 374 3440 pauperem
389 3360 423 3418 in
439 3358 642 3418 infirmitorio
664 3359 862 3420 saecularium
878 3361 964 3440 apud
979 3360 1111 3422 Novum
1126 3362 1226 3438 Mon.‚

80 3457 126 3514 ita
148 3456 233 3535 quod
257 3476 314 3515 nec
337 3476 396 3535 ego
420 3474 477 3514 nec
501 3455 566 3514 ber.
584 3474 627 3514 m.
644 3453 784 3535 aliquem
800 3455 840 3516 de
856 3461 971 3516 caetero
992 3456 1040 3518 ibi
1062 3478 1225 3540 ponemus.

80 3551 154 3611 Hiis
170 3551 314 3611 testibus.

147 3742 311 3816 Omnibus,
328 3751 388 3803 etc.
405 3743 567 3804 lohannes
588 3743 672 3805 filius
687 3743 843 3804 Johannis
858 3744 898 3805 de
914 3746 1063 3820 Kestern‚
1079 3746 1224 3809 salutern.

81 3841 213 3900 Noverit
237 3841 425 3900 universitas
442 3846 544 3900 vestra
560 3861 611 3901 me
627 3841 698 3902 ded.
715 3860 801 3900 cone.
818 3841 899 3901 eth.
916 3864 947 3923 p.
964 3864 991 3903 e.
1008 3862 1050 3902 m.
1068 3844 1153 3906 conf.
1170 3865 1224 3926 pro

2 3913 40 4005 {bf
80 3937 135 3995 sal.
152 3957 202 3995 an.
220 3955 262 3994 rn.
280 3940 312 3995 et
328 3956 412 3995 onan
429 3942 531 3995 antec.
548 3957 591 3996 m.
608 3941 640 3997 et
657 3956 712 4016 pro
728 3937 836 3996 anima
852 3938 1013 3999 Katerinra
1024 3941 1130 4000 uxoris
1147 3959 1225 4001 meae

7 4043 53 4071 ‘³¹¹¹
80 4041 107 4092 et
137 4053 305 4112 puerorum
332 4052 473 4091 meorum
491 4038 523 4091 et·
546 4033 689 4092 omnium
705 4052 920 4093 successorum
936 4055 1092 4109 meorum,
1108 4035 1177 4097 Deo
1193 4044 1225 4097 et

1 4109 54 4138 ’ω’
82 4129 180 4188 libato
196 4128 336 4188 lobanni
353 4128 392 4188 de
410 4127 617 4208 llaydeneley
634 4135 668 4188 et·
688 4128 778 4189 fratri
803 4129 934 4210 Hugoni
951 4130 990 4190 de
1006 4128 1099 4212 (aaa)
1118 4131 1226 4213 Hepes

6 4224 24 4263 ='
80 4236 107 4283 et
126 4227 188 4284 suis
206 4224 433 4284 antecessoribus
447 4224 487 4303 vij
502 4244 589 4284 acras
604 4231 695 4284 terra
707 4226 789 4285 circa
802 4225 1078 4306 Maydeneleyam‚
1091 4248 1226 4308 quarum

79 4322 149 4379 dua
165 4341 245 4379 aene
258 4319 496 4379 seminabantur
508 4320 697 4380 multociens
709 4340 765 4400 per
775 4321 898 4382 dictum
911 4323 1040 4383 fratrem
1052 4322 1227 4406 Hugonem

79 4427 153 4476 ante
166 4417 246 4475 banc
260 4426 355 4476 cartae
371 4437 449 4476 inea
461 4416 749 4491 confirmacionem,
761 4423 795 4478 et
810 4438 828 4476 v
844 4437 925 4481 acrae
940 4419 1074 4480 residua>
1090 4419 1131 4481 de
1143 4440 1226 4482 novo
