<?xml version="1.0" encoding="UTF-8"?>
<!DOCTYPE html PUBLIC "-//W3C//DTD XHTML 1.0 Transitional//EN"
    "http://www.w3.org/TR/xhtml1/DTD/xhtml1-transitional.dtd">
<html xmlns="http://www.w3.org/1999/xhtml" xml:lang="en" lang="en">
 <head>
  <title>
</title>
<meta http-equiv="Content-Type" content="text/html;charset=utf-8" />
  <meta name='ocr-system' content='tesseract 3.04.00' />
  <meta name='ocr-capabilities' content='ocr_page ocr_carea ocr_par ocr_line ocrx_word'/>
</head>
<body>
  <div class='ocr_page' id='page_1' title='image "./chartulariumabb00fowlgoog_0070.png"; bbox 0 0 2940 5048; ppageno 0'>
   <div class='ocr_carea' id='block_1_1' title="bbox 426 317 1388 393">
    <p class='ocr_par' dir='ltr' id='par_1_1' title="bbox 426 317 1388 393">
     <span class='ocr_line' id='line_1_1' title="bbox 426 317 1388 393; baseline -0.004 0"><span class='ocrx_word' id='word_1_1' title='bbox 426 339 473 393; x_wconf 85' lang='lat' dir='ltr'>nn</span> <span class='ocrx_word' id='word_1_2' title='bbox 498 339 593 393; x_wconf 82' lang='lat' dir='ltr'>noro</span> <span class='ocrx_word' id='word_1_3' title='bbox 619 339 855 393; x_wconf 78' lang='lat' dir='ltr'>norisrsruo.</span> <span class='ocrx_word' id='word_1_4' title='bbox 1342 317 1388 390; x_wconf 82' lang='lat'>37</span> 
     </span>
    </p>
   </div>
   <div class='ocr_carea' id='block_1_2' title="bbox 53 507 1382 3674">
    <p class='ocr_par' dir='ltr' id='par_1_2' title="bbox 53 507 1382 3674">
     <span class='ocr_line' id='line_1_2' title="bbox 116 507 1330 594; baseline -0.004 -20"><span class='ocrx_word' id='word_1_5' title='bbox 116 509 235 574; x_wconf 88' lang='lat' dir='ltr'>Sciant</span> <span class='ocrx_word' id='word_1_6' title='bbox 255 515 334 590; x_wconf 81' lang='lat' dir='ltr'>etc,</span> <span class='ocrx_word' id='word_1_7' title='bbox 349 510 437 593; x_wconf 93' lang='lat' dir='ltr'>quod</span> <span class='ocrx_word' id='word_1_8' title='bbox 450 530 510 594; x_wconf 83' lang='lat' dir='ltr'>ego</span> <span class='ocrx_word' id='word_1_9' title='bbox 532 508 694 572; x_wconf 91' lang='lat' dir='ltr'>Walterus</span> <span class='ocrx_word' id='word_1_10' title='bbox 717 510 757 572; x_wconf 90' lang='lat' dir='ltr'>de</span> <span class='ocrx_word' id='word_1_11' title='bbox 780 509 898 572; x_wconf 88' lang='lat' dir='ltr'>Sancto</span> <span class='ocrx_word' id='word_1_12' title='bbox 921 509 1019 572; x_wconf 88' lang='lat' dir='ltr'>Petro</span> <span class='ocrx_word' id='word_1_13' title='bbox 1033 507 1105 571; x_wconf 86' lang='lat' dir='ltr'>ded.</span> <span class='ocrx_word' id='word_1_14' title='bbox 1121 528 1209 571; x_wconf 91' lang='lat' dir='ltr'>conc.</span> <span class='ocrx_word' id='word_1_15' title='bbox 1292 514 1330 580; x_wconf 82' lang='lat' dir='ltr'>vj·</span> 
     </span>
     <span class='ocr_line' id='line_1_3' title="bbox 53 581 1367 697; baseline -0.002 -28"><span class='ocrx_word' id='word_1_16' title='bbox 53 611 86 669; x_wconf 87' lang='lat' dir='ltr'>et</span> <span class='ocrx_word' id='word_1_17' title='bbox 98 607 159 670; x_wconf 87' lang='lat' dir='ltr'>hac</span> <span class='ocrx_word' id='word_1_18' title='bbox 174 627 210 690; x_wconf 90' lang='lat' dir='ltr'>p.</span> <span class='ocrx_word' id='word_1_19' title='bbox 227 627 258 669; x_wconf 95' lang='lat' dir='ltr'>c.</span> <span class='ocrx_word' id='word_1_20' title='bbox 276 607 362 669; x_wconf 82' lang='lat' dir='ltr'>coni.</span> <span class='ocrx_word' id='word_1_21' title='bbox 388 606 457 669; x_wconf 88' lang='lat' dir='ltr'>Deo</span> <span class='ocrx_word' id='word_1_22' title='bbox 482 612 516 669; x_wconf 89' lang='lat' dir='ltr'>et</span> <span class='ocrx_word' id='word_1_23' title='bbox 540 605 574 670; x_wconf 89' lang='lat' dir='ltr'>S.</span> <span class='ocrx_word' id='word_1_24' title='bbox 590 606 638 668; x_wconf 89' lang='lat' dir='ltr'>M.</span> <span class='ocrx_word' id='word_1_25' title='bbox 664 613 699 668; x_wconf 90' lang='lat' dir='ltr'>et</span> <span class='ocrx_word' id='word_1_26' title='bbox 720 626 807 668; x_wconf 87' lang='lat' dir='ltr'>mon.</span> <span class='ocrx_word' id='word_1_27' title='bbox 831 606 915 668; x_wconf 91' lang='lat' dir='ltr'>Novi</span> <span class='ocrx_word' id='word_1_28' title='bbox 931 606 1020 667; x_wconf 90' lang='lat' dir='ltr'>Mon.</span> <span class='ocrx_word' id='word_1_29' title='bbox 1037 606 1070 667; x_wconf 94' lang='lat' dir='ltr'>in</span> <span class='ocrx_word' id='word_1_30' title='bbox 1095 627 1209 688; x_wconf 91' lang='lat' dir='ltr'>campo</span> <span class='ocrx_word' id='word_1_31' title='bbox 1233 581 1367 697; x_wconf 54' lang='lat' dir='ltr'>ffifff</span> 
     </span>
     <span class='ocr_line' id='line_1_4' title="bbox 53 702 1377 787; baseline -0.003 -21"><span class='ocrx_word' id='word_1_32' title='bbox 53 704 91 765; x_wconf 87' lang='lat' dir='ltr'>de</span> <span class='ocrx_word' id='word_1_33' title='bbox 106 702 240 766; x_wconf 83' lang='lat' dir='ltr'>Berwik</span> <span class='ocrx_word' id='word_1_34' title='bbox 255 710 365 766; x_wconf 91' lang='lat' dir='ltr'>totum</span> <span class='ocrx_word' id='word_1_35' title='bbox 380 710 508 787; x_wconf 84' lang='lat' dir='ltr'>pratum</span> <span class='ocrx_word' id='word_1_36' title='bbox 522 703 609 786; x_wconf 91' lang='lat' dir='ltr'>quod</span> <span class='ocrx_word' id='word_1_37' title='bbox 624 703 723 765; x_wconf 87' lang='lat' dir='ltr'>habui</span> <span class='ocrx_word' id='word_1_38' title='bbox 741 703 776 764; x_wconf 94' lang='lat' dir='ltr'>in</span> <span class='ocrx_word' id='word_1_39' title='bbox 792 703 993 765; x_wconf 82' lang='lat' dir='ltr'>Bradmedou</span> <span class='ocrx_word' id='word_1_40' title='bbox 1008 724 1046 764; x_wconf 86' lang='lat' dir='ltr'>ex</span> <span class='ocrx_word' id='word_1_41' title='bbox 1061 702 1209 764; x_wconf 76' lang='lat' dir='ltr'>orientali</span> <span class='ocrx_word' id='word_1_42' title='bbox 1234 715 1266 778; x_wconf 84' lang='lat' dir='ltr'>by</span> <span class='ocrx_word' id='word_1_43' title='bbox 1278 714 1377 762; x_wconf 78' lang='lat' dir='ltr'>Walter</span> 
     </span>
     <span class='ocr_line' id='line_1_5' title="bbox 53 780 1382 882; baseline -0.002 -20"><span class='ocrx_word' id='word_1_44' title='bbox 53 805 146 882; x_wconf 83' lang='lat' dir='ltr'>parte</span> <span class='ocrx_word' id='word_1_45' title='bbox 161 799 329 862; x_wconf 89' lang='lat' dir='ltr'>sulcorum</span> <span class='ocrx_word' id='word_1_46' title='bbox 347 820 424 882; x_wconf 89' lang='lat' dir='ltr'>quos</span> <span class='ocrx_word' id='word_1_47' title='bbox 440 801 524 861; x_wconf 86' lang='lat' dir='ltr'>trabi</span> <span class='ocrx_word' id='word_1_48' title='bbox 540 800 603 861; x_wconf 86' lang='lat' dir='ltr'>t&#39;eci</span> <span class='ocrx_word' id='word_1_49' title='bbox 612 820 670 882; x_wconf 91' lang='lat' dir='ltr'>pro</span> <span class='ocrx_word' id='word_1_50' title='bbox 684 799 795 874; x_wconf 89' lang='lat' dir='ltr'>divisa,</span> <span class='ocrx_word' id='word_1_51' title='bbox 809 799 851 861; x_wconf 90' lang='lat' dir='ltr'>ab</span> <span class='ocrx_word' id='word_1_52' title='bbox 865 800 1000 881; x_wconf 87' lang='lat' dir='ltr'>antiqua</span> <span class='ocrx_word' id='word_1_53' title='bbox 1009 800 1110 861; x_wconf 90' lang='lat' dir='ltr'>divisa</span> <span class='ocrx_word' id='word_1_54' title='bbox 1125 800 1209 861; x_wconf 83' lang='lat' dir='ltr'>int-er</span> <span class='ocrx_word' id='word_1_55' title='bbox 1233 780 1382 830; x_wconf 75' lang='lat' dir='ltr'>deaPorro.</span> 
     </span>
     <span class='ocr_line' id='line_1_6' title="bbox 54 895 1209 980; baseline 0 -23"><span class='ocrx_word' id='word_1_56' title='bbox 54 916 209 980; x_wconf 84' lang='lat' dir='ltr'>campum</span> <span class='ocrx_word' id='word_1_57' title='bbox 224 897 267 959; x_wconf 91' lang='lat' dir='ltr'>de</span> <span class='ocrx_word' id='word_1_58' title='bbox 281 896 410 959; x_wconf 81' lang='lat' dir='ltr'>Horten</span> <span class='ocrx_word' id='word_1_59' title='bbox 425 901 459 958; x_wconf 90' lang='lat' dir='ltr'>et</span> <span class='ocrx_word' id='word_1_60' title='bbox 475 895 635 957; x_wconf 90' lang='lat' dir='ltr'>culturam</span> <span class='ocrx_word' id='word_1_61' title='bbox 650 896 689 958; x_wconf 89' lang='lat' dir='ltr'>de</span> <span class='ocrx_word' id='word_1_62' title='bbox 706 896 875 978; x_wconf 77' lang='lat' dir='ltr'>langelaia</span> <span class='ocrx_word' id='word_1_63' title='bbox 899 916 1004 958; x_wconf 86' lang='lat' dir='ltr'>versus</span> <span class='ocrx_word' id='word_1_64' title='bbox 1026 895 1209 978; x_wconf 85' lang='lat' dir='ltr'>aquilonem</span> 
     </span>
     <span class='ocr_line' id='line_1_7' title="bbox 55 991 1208 1074; baseline 0 -21"><span class='ocrx_word' id='word_1_65' title='bbox 55 1012 112 1074; x_wconf 88' lang='lat' dir='ltr'>per</span> <span class='ocrx_word' id='word_1_66' title='bbox 144 999 362 1056; x_wconf 81' lang='lat' dir='ltr'>transversum</span> <span class='ocrx_word' id='word_1_67' title='bbox 390 993 431 1055; x_wconf 87' lang='lat' dir='ltr'>de</span> <span class='ocrx_word' id='word_1_68' title='bbox 461 991 664 1055; x_wconf 88' lang='lat' dir='ltr'>Bradmedou</span> <span class='ocrx_word' id='word_1_69' title='bbox 694 1012 794 1073; x_wconf 86' lang='lat' dir='ltr'>usquo</span> <span class='ocrx_word' id='word_1_70' title='bbox 823 991 864 1053; x_wconf 91' lang='lat' dir='ltr'>ad</span> <span class='ocrx_word' id='word_1_71' title='bbox 894 999 1014 1053; x_wconf 89' lang='lat' dir='ltr'>terram</span> <span class='ocrx_word' id='word_1_72' title='bbox 1044 992 1208 1069; x_wconf 82' lang='lat' dir='ltr'>arabilem,</span> 
     </span>
     <span class='ocr_line' id='line_1_8' title="bbox 55 1087 1209 1172; baseline -0.001 -21"><span class='ocrx_word' id='word_1_73' title='bbox 55 1089 191 1167; x_wconf 88' lang='lat' dir='ltr'>scilicet,</span> <span class='ocrx_word' id='word_1_74' title='bbox 206 1089 363 1172; x_wconf 88' lang='lat' dir='ltr'>quicquid</span> <span class='ocrx_word' id='word_1_75' title='bbox 378 1087 474 1150; x_wconf 88' lang='lat' dir='ltr'>habui</span> <span class='ocrx_word' id='word_1_76' title='bbox 488 1088 575 1171; x_wconf 90' lang='lat' dir='ltr'>prati</span> <span class='ocrx_word' id='word_1_77' title='bbox 597 1108 617 1149; x_wconf 90' lang='lat' dir='ltr'>a</span> <span class='ocrx_word' id='word_1_78' title='bbox 637 1088 798 1169; x_wconf 86' lang='lat' dir='ltr'>praedictis</span> <span class='ocrx_word' id='word_1_79' title='bbox 819 1088 915 1150; x_wconf 88' lang='lat' dir='ltr'>sulcis</span> <span class='ocrx_word' id='word_1_80' title='bbox 930 1109 1037 1151; x_wconf 87' lang='lat' dir='ltr'>versus</span> <span class='ocrx_word' id='word_1_81' title='bbox 1052 1089 1209 1150; x_wconf 80' lang='lat' dir='ltr'>orientem</span> 
     </span>
     <span class='ocr_line' id='line_1_9' title="bbox 55 1183 1209 1270; baseline -0.002 -22"><span class='ocrx_word' id='word_1_82' title='bbox 55 1185 152 1270; x_wconf 85' lang='lat' dir='ltr'>longe</span> <span class='ocrx_word' id='word_1_83' title='bbox 166 1192 203 1249; x_wconf 88' lang='lat' dir='ltr'>et</span> <span class='ocrx_word' id='word_1_84' title='bbox 217 1206 320 1270; x_wconf 86' lang='lat' dir='ltr'>prope</span> <span class='ocrx_word' id='word_1_85' title='bbox 335 1189 370 1248; x_wconf 90' lang='lat' dir='ltr'>et</span> <span class='ocrx_word' id='word_1_86' title='bbox 383 1184 425 1247; x_wconf 88' lang='lat' dir='ltr'>ad</span> <span class='ocrx_word' id='word_1_87' title='bbox 436 1183 617 1268; x_wconf 81' lang='lat' dir='ltr'>aquilonale</span> <span class='ocrx_word' id='word_1_88' title='bbox 629 1184 734 1266; x_wconf 89' lang='lat' dir='ltr'>capud</span> <span class='ocrx_word' id='word_1_89' title='bbox 750 1184 802 1247; x_wconf 87' lang='lat' dir='ltr'>del</span> <span class='ocrx_word' id='word_1_90' title='bbox 814 1185 961 1267; x_wconf 85' lang='lat' dir='ltr'>Laigare,</span> <span class='ocrx_word' id='word_1_91' title='bbox 973 1190 1077 1246; x_wconf 87' lang='lat' dir='ltr'>totam</span> <span class='ocrx_word' id='word_1_92' title='bbox 1089 1192 1209 1246; x_wconf 90' lang='lat' dir='ltr'>terram</span> 
     </span>
     <span class='ocr_line' id='line_1_10' title="bbox 56 1279 1208 1364; baseline -0.002 -21"><span class='ocrx_word' id='word_1_93' title='bbox 56 1282 216 1344; x_wconf 77' lang='lat' dir='ltr'>incultam</span> <span class='ocrx_word' id='word_1_94' title='bbox 231 1303 272 1345; x_wconf 94' lang='lat' dir='ltr'>ex</span> <span class='ocrx_word' id='word_1_95' title='bbox 285 1287 422 1364; x_wconf 88' lang='lat' dir='ltr'>utraque</span> <span class='ocrx_word' id='word_1_96' title='bbox 439 1285 530 1363; x_wconf 87' lang='lat' dir='ltr'>parte</span> <span class='ocrx_word' id='word_1_97' title='bbox 552 1279 660 1355; x_wconf 89' lang='lat' dir='ltr'>siketi,</span> <span class='ocrx_word' id='word_1_98' title='bbox 683 1280 902 1343; x_wconf 90' lang='lat' dir='ltr'>descendendo</span> <span class='ocrx_word' id='word_1_99' title='bbox 925 1301 1030 1343; x_wconf 89' lang='lat' dir='ltr'>versus</span> <span class='ocrx_word' id='word_1_100' title='bbox 1052 1283 1208 1343; x_wconf 73' lang='lat' dir='ltr'>orientem</span> 
     </span>
     <span class='ocr_line' id='line_1_11' title="bbox 56 1377 1208 1461; baseline 0 -21"><span class='ocrx_word' id='word_1_101' title='bbox 56 1378 214 1461; x_wconf 89' lang='lat' dir='ltr'>usquead</span> <span class='ocrx_word' id='word_1_102' title='bbox 230 1379 368 1442; x_wconf 86' lang='lat' dir='ltr'>divisam</span> <span class='ocrx_word' id='word_1_103' title='bbox 381 1378 422 1440; x_wconf 91' lang='lat' dir='ltr'>de</span> <span class='ocrx_word' id='word_1_104' title='bbox 437 1377 583 1460; x_wconf 86' lang='lat' dir='ltr'>Derling‚</span> <span class='ocrx_word' id='word_1_105' title='bbox 606 1377 697 1439; x_wconf 91' lang='lat' dir='ltr'>sicud</span> <span class='ocrx_word' id='word_1_106' title='bbox 712 1377 774 1439; x_wconf 89' lang='lat' dir='ltr'>feci</span> <span class='ocrx_word' id='word_1_107' title='bbox 796 1379 873 1458; x_wconf 91' lang='lat' dir='ltr'>poni</span> <span class='ocrx_word' id='word_1_108' title='bbox 895 1377 1017 1460; x_wconf 90' lang='lat' dir='ltr'>lapides</span> <span class='ocrx_word' id='word_1_109' title='bbox 1035 1399 1092 1461; x_wconf 91' lang='lat' dir='ltr'>pro</span> <span class='ocrx_word' id='word_1_110' title='bbox 1107 1379 1208 1441; x_wconf 81' lang='lat' dir='ltr'>divisa</span> 
     </span>
     <span class='ocr_line' id='line_1_12' title="bbox 56 1472 1210 1556; baseline 0.001 -20"><span class='ocrx_word' id='word_1_111' title='bbox 56 1475 212 1537; x_wconf 82' lang='lat' dir='ltr'>interme</span> <span class='ocrx_word' id='word_1_112' title='bbox 227 1480 262 1537; x_wconf 90' lang='lat' dir='ltr'>et</span> <span class='ocrx_word' id='word_1_113' title='bbox 276 1479 424 1537; x_wconf 83' lang='lat' dir='ltr'>tenentes</span> <span class='ocrx_word' id='word_1_114' title='bbox 438 1493 536 1550; x_wconf 88' lang='lat' dir='ltr'>meos,</span> <span class='ocrx_word' id='word_1_115' title='bbox 551 1478 585 1535; x_wconf 89' lang='lat' dir='ltr'>et</span> <span class='ocrx_word' id='word_1_116' title='bbox 600 1493 695 1556; x_wconf 88' lang='lat' dir='ltr'>super</span> <span class='ocrx_word' id='word_1_117' title='bbox 710 1472 870 1554; x_wconf 86' lang='lat' dir='ltr'>Caliacrys</span> <span class='ocrx_word' id='word_1_118' title='bbox 887 1475 1095 1556; x_wconf 83' lang='lat' dir='ltr'>propinquius</span> <span class='ocrx_word' id='word_1_119' title='bbox 1116 1480 1210 1537; x_wconf 80' lang='lat' dir='ltr'>terrae</span> 
     </span>
     <span class='ocr_line' id='line_1_13' title="bbox 57 1568 1209 1656; baseline 0 -23"><span class='ocrx_word' id='word_1_120' title='bbox 57 1569 98 1633; x_wconf 89' lang='lat' dir='ltr'>de</span> <span class='ocrx_word' id='word_1_121' title='bbox 115 1568 448 1656; x_wconf 78' lang='lat' dir='ltr'>Hortnn(18a)duas</span> <span class='ocrx_word' id='word_1_122' title='bbox 462 1590 550 1632; x_wconf 90' lang='lat' dir='ltr'>acras</span> <span class='ocrx_word' id='word_1_123' title='bbox 564 1574 656 1631; x_wconf 84' lang='lat' dir='ltr'>terrae</span> <span class='ocrx_word' id='word_1_124' title='bbox 683 1575 716 1631; x_wconf 89' lang='lat' dir='ltr'>et</span> <span class='ocrx_word' id='word_1_125' title='bbox 738 1569 907 1632; x_wconf 86' lang='lat' dir='ltr'>dimidiam</span> <span class='ocrx_word' id='word_1_126' title='bbox 921 1576 955 1632; x_wconf 91' lang='lat' dir='ltr'>et</span> <span class='ocrx_word' id='word_1_127' title='bbox 979 1571 1009 1653; x_wconf 92' lang='lat' dir='ltr'>vj</span> <span class='ocrx_word' id='word_1_128' title='bbox 1038 1573 1209 1652; x_wconf 71' lang='lat' dir='ltr'>perticatas</span> 
     </span>
     <span class='ocr_line' id='line_1_14' title="bbox 57 1665 1210 1750; baseline 0 -20"><span class='ocrx_word' id='word_1_129' title='bbox 57 1674 151 1730; x_wconf 77' lang='lat' dir='ltr'>terrae</span> <span class='ocrx_word' id='word_1_130' title='bbox 166 1688 240 1750; x_wconf 88' lang='lat' dir='ltr'>quae</span> <span class='ocrx_word' id='word_1_131' title='bbox 253 1668 353 1730; x_wconf 88' lang='lat' dir='ltr'>habet</span> <span class='ocrx_word' id='word_1_132' title='bbox 366 1687 406 1729; x_wconf 89' lang='lat' dir='ltr'>ex</span> <span class='ocrx_word' id='word_1_133' title='bbox 420 1665 612 1730; x_wconf 87' lang='lat' dir='ltr'>occidentali</span> <span class='ocrx_word' id='word_1_134' title='bbox 626 1671 719 1748; x_wconf 86' lang='lat' dir='ltr'>parte</span> <span class='ocrx_word' id='word_1_135' title='bbox 733 1665 856 1749; x_wconf 89' lang='lat' dir='ltr'>lapides</span> <span class='ocrx_word' id='word_1_136' title='bbox 870 1667 989 1749; x_wconf 89' lang='lat' dir='ltr'>positos</span> <span class='ocrx_word' id='word_1_137' title='bbox 1003 1669 1039 1730; x_wconf 92' lang='lat' dir='ltr'>in</span> <span class='ocrx_word' id='word_1_138' title='bbox 1048 1669 1159 1744; x_wconf 90' lang='lat' dir='ltr'>divisa,</span> <span class='ocrx_word' id='word_1_139' title='bbox 1175 1674 1210 1730; x_wconf 93' lang='lat' dir='ltr'>et</span> 
     </span>
     <span class='ocr_line' id='line_1_15' title="bbox 57 1762 1209 1847; baseline -0.001 -21"><span class='ocrx_word' id='word_1_140' title='bbox 57 1784 97 1826; x_wconf 87' lang='lat' dir='ltr'>ex</span> <span class='ocrx_word' id='word_1_141' title='bbox 117 1769 211 1847; x_wconf 85' lang='lat' dir='ltr'>parte</span> <span class='ocrx_word' id='word_1_142' title='bbox 233 1763 365 1826; x_wconf 81' lang='lat' dir='ltr'>australi</span> <span class='ocrx_word' id='word_1_143' title='bbox 387 1770 421 1826; x_wconf 92' lang='lat' dir='ltr'>et</span> <span class='ocrx_word' id='word_1_144' title='bbox 441 1763 592 1826; x_wconf 84' lang='lat' dir='ltr'>orientali</span> <span class='ocrx_word' id='word_1_145' title='bbox 606 1762 704 1825; x_wconf 90' lang='lat' dir='ltr'>habet</span> <span class='ocrx_word' id='word_1_146' title='bbox 719 1762 855 1824; x_wconf 89' lang='lat' dir='ltr'>divisam</span> <span class='ocrx_word' id='word_1_147' title='bbox 869 1763 962 1825; x_wconf 90' lang='lat' dir='ltr'>filum</span> <span class='ocrx_word' id='word_1_148' title='bbox 980 1764 1020 1826; x_wconf 87' lang='lat' dir='ltr'>de</span> <span class='ocrx_word' id='word_1_149' title='bbox 1036 1764 1209 1841; x_wconf 89' lang='lat' dir='ltr'>Merleche‚</span> 
     </span>
     <span class='ocr_line' id='line_1_16' title="bbox 56 1858 1210 1944; baseline -0.003 -21"><span class='ocrx_word' id='word_1_150' title='bbox 56 1868 92 1923; x_wconf 89' lang='lat' dir='ltr'>et</span> <span class='ocrx_word' id='word_1_151' title='bbox 121 1882 162 1922; x_wconf 89' lang='lat' dir='ltr'>ex</span> <span class='ocrx_word' id='word_1_152' title='bbox 190 1859 369 1944; x_wconf 88' lang='lat' dir='ltr'>aquilonali</span> <span class='ocrx_word' id='word_1_153' title='bbox 398 1858 491 1921; x_wconf 92' lang='lat' dir='ltr'>filum</span> <span class='ocrx_word' id='word_1_154' title='bbox 516 1878 608 1942; x_wconf 87' lang='lat' dir='ltr'>aquae</span> <span class='ocrx_word' id='word_1_155' title='bbox 636 1858 677 1920; x_wconf 91' lang='lat' dir='ltr'>de</span> <span class='ocrx_word' id='word_1_156' title='bbox 702 1858 812 1932; x_wconf 90' lang='lat' dir='ltr'>Blith;</span> <span class='ocrx_word' id='word_1_157' title='bbox 839 1861 873 1921; x_wconf 93' lang='lat' dir='ltr'>in</span> <span class='ocrx_word' id='word_1_158' title='bbox 900 1859 1095 1922; x_wconf 86' lang='lat' dir='ltr'>escambium</span> <span class='ocrx_word' id='word_1_159' title='bbox 1124 1861 1210 1943; x_wconf 91' lang='lat' dir='ltr'>prati</span> 
     </span>
     <span class='ocr_line' id='line_1_17' title="bbox 56 1955 1210 2039; baseline -0.002 -20"><span class='ocrx_word' id='word_1_160' title='bbox 56 1957 145 2039; x_wconf 90' lang='lat' dir='ltr'>quod</span> <span class='ocrx_word' id='word_1_161' title='bbox 176 1964 309 2019; x_wconf 86' lang='lat' dir='ltr'>vocatur</span> <span class='ocrx_word' id='word_1_162' title='bbox 345 1956 545 2033; x_wconf 85' lang='lat' dir='ltr'>Schortacre‚</span> <span class='ocrx_word' id='word_1_163' title='bbox 576 1959 611 2016; x_wconf 90' lang='lat' dir='ltr'>et</span> <span class='ocrx_word' id='word_1_164' title='bbox 641 1955 776 2018; x_wconf 86' lang='lat' dir='ltr'>culturae</span> <span class='ocrx_word' id='word_1_165' title='bbox 806 1976 876 2037; x_wconf 86' lang='lat' dir='ltr'>quae</span> <span class='ocrx_word' id='word_1_166' title='bbox 907 1960 1039 2017; x_wconf 90' lang='lat' dir='ltr'>vocatur</span> <span class='ocrx_word' id='word_1_167' title='bbox 1075 1956 1210 2034; x_wconf 74' lang='lat' dir='ltr'>itenere,</span> 
     </span>
     <span class='ocr_line' id='line_1_18' title="bbox 57 2050 1211 2135; baseline -0.003 -20"><span class='ocrx_word' id='word_1_168' title='bbox 57 2073 160 2135; x_wconf 90' lang='lat' dir='ltr'>quam</span> <span class='ocrx_word' id='word_1_169' title='bbox 194 2052 377 2115; x_wconf 85' lang='lat' dir='ltr'>habuenmt</span> <span class='ocrx_word' id='word_1_170' title='bbox 405 2072 445 2115; x_wconf 92' lang='lat' dir='ltr'>ex</span> <span class='ocrx_word' id='word_1_171' title='bbox 475 2051 559 2114; x_wconf 90' lang='lat' dir='ltr'>dono</span> <span class='ocrx_word' id='word_1_172' title='bbox 592 2050 727 2114; x_wconf 90' lang='lat' dir='ltr'>Roberti</span> <span class='ocrx_word' id='word_1_173' title='bbox 756 2050 796 2113; x_wconf 90' lang='lat' dir='ltr'>de</span> <span class='ocrx_word' id='word_1_174' title='bbox 830 2051 948 2113; x_wconf 86' lang='lat' dir='ltr'>Sancto</span> <span class='ocrx_word' id='word_1_175' title='bbox 984 2051 1080 2113; x_wconf 90' lang='lat' dir='ltr'>Petro</span> <span class='ocrx_word' id='word_1_176' title='bbox 1109 2072 1211 2113; x_wconf 90' lang='lat' dir='ltr'>avun-</span> 
     </span>
     <span class='ocr_line' id='line_1_19' title="bbox 57 2147 1211 2232; baseline -0.001 -21"><span class='ocrx_word' id='word_1_177' title='bbox 57 2148 127 2211; x_wconf 91' lang='lat' dir='ltr'>culi</span> <span class='ocrx_word' id='word_1_178' title='bbox 141 2150 216 2211; x_wconf 93' lang='lat' dir='ltr'>mei.</span> <span class='ocrx_word' id='word_1_179' title='bbox 254 2148 335 2212; x_wconf 83' lang='lat' dir='ltr'>Ten.</span> <span class='ocrx_word' id='word_1_180' title='bbox 351 2153 387 2211; x_wconf 89' lang='lat' dir='ltr'>et</span> <span class='ocrx_word' id='word_1_181' title='bbox 407 2148 481 2211; x_wconf 87' lang='lat' dir='ltr'>hab.</span> <span class='ocrx_word' id='word_1_182' title='bbox 505 2147 603 2232; x_wconf 83' lang='lat' dir='ltr'>proed.</span> <span class='ocrx_word' id='word_1_183' title='bbox 625 2168 690 2210; x_wconf 93' lang='lat' dir='ltr'>mo.</span> <span class='ocrx_word' id='word_1_184' title='bbox 713 2149 749 2210; x_wconf 93' lang='lat' dir='ltr'>in</span> <span class='ocrx_word' id='word_1_185' title='bbox 770 2147 828 2211; x_wconf 92' lang='lat' dir='ltr'>lib.</span> <span class='ocrx_word' id='word_1_186' title='bbox 851 2168 921 2230; x_wconf 89' lang='lat' dir='ltr'>pur.</span> <span class='ocrx_word' id='word_1_187' title='bbox 945 2153 979 2210; x_wconf 90' lang='lat' dir='ltr'>et</span> <span class='ocrx_word' id='word_1_188' title='bbox 1000 2168 1088 2231; x_wconf 85' lang='lat' dir='ltr'>perp.</span> <span class='ocrx_word' id='word_1_189' title='bbox 1112 2148 1152 2211; x_wconf 91' lang='lat' dir='ltr'>el.</span> <span class='ocrx_word' id='word_1_190' title='bbox 1176 2153 1211 2211; x_wconf 90' lang='lat' dir='ltr'>et</span> 
     </span>
     <span class='ocr_line' id='line_1_20' title="bbox 58 2244 1209 2328; baseline 0 -22"><span class='ocrx_word' id='word_1_191' title='bbox 58 2247 205 2328; x_wconf 85' lang='lat' dir='ltr'>quietam</span> <span class='ocrx_word' id='word_1_192' title='bbox 226 2265 247 2307; x_wconf 91' lang='lat' dir='ltr'>a</span> <span class='ocrx_word' id='word_1_193' title='bbox 260 2245 403 2306; x_wconf 89' lang='lat' dir='ltr'>multura</span> <span class='ocrx_word' id='word_1_194' title='bbox 418 2250 453 2307; x_wconf 90' lang='lat' dir='ltr'>et</span> <span class='ocrx_word' id='word_1_195' title='bbox 472 2245 514 2308; x_wconf 89' lang='lat' dir='ltr'>ab</span> <span class='ocrx_word' id='word_1_196' title='bbox 528 2245 617 2307; x_wconf 92' lang='lat' dir='ltr'>omni</span> <span class='ocrx_word' id='word_1_197' title='bbox 639 2244 704 2306; x_wconf 88' lang='lat' dir='ltr'>alia</span> <span class='ocrx_word' id='word_1_198' title='bbox 719 2265 752 2306; x_wconf 88' lang='lat' dir='ltr'>re</span> <span class='ocrx_word' id='word_1_199' title='bbox 767 2265 838 2326; x_wconf 82' lang='lat' dir='ltr'>quae</span> <span class='ocrx_word' id='word_1_200' title='bbox 852 2245 894 2307; x_wconf 90' lang='lat' dir='ltr'>ab</span> <span class='ocrx_word' id='word_1_201' title='bbox 909 2244 1016 2327; x_wconf 87' lang='lat' dir='ltr'>aliqua</span> <span class='ocrx_word' id='word_1_202' title='bbox 1031 2249 1116 2308; x_wconf 90' lang='lat' dir='ltr'>terra</span> <span class='ocrx_word' id='word_1_203' title='bbox 1139 2244 1209 2307; x_wconf 87' lang='lat' dir='ltr'>dari</span> 
     </span>
     <span class='ocr_line' id='line_1_21' title="bbox 59 2340 1368 2425; baseline 0 -22"><span class='ocrx_word' id='word_1_204' title='bbox 59 2345 168 2423; x_wconf 78' lang='lat' dir='ltr'>potest</span> <span class='ocrx_word' id='word_1_205' title='bbox 183 2340 236 2403; x_wconf 80' lang='lat' dir='ltr'>vel</span> <span class='ocrx_word' id='word_1_206' title='bbox 250 2342 348 2424; x_wconf 83' lang='lat' dir='ltr'>exigi.</span> <span class='ocrx_word' id='word_1_207' title='bbox 394 2341 529 2423; x_wconf 85' lang='lat' dir='ltr'>Insuper</span> <span class='ocrx_word' id='word_1_208' title='bbox 544 2361 632 2404; x_wconf 91' lang='lat' dir='ltr'>conc.</span> <span class='ocrx_word' id='word_1_209' title='bbox 648 2340 729 2404; x_wconf 90' lang='lat' dir='ltr'>eth.</span> <span class='ocrx_word' id='word_1_210' title='bbox 746 2362 791 2403; x_wconf 95' lang='lat' dir='ltr'>m.</span> <span class='ocrx_word' id='word_1_211' title='bbox 807 2361 835 2403; x_wconf 89' lang='lat' dir='ltr'>c.</span> <span class='ocrx_word' id='word_1_212' title='bbox 851 2341 934 2404; x_wconf 85' lang='lat' dir='ltr'>conf.</span> <span class='ocrx_word' id='word_1_213' title='bbox 950 2341 1070 2403; x_wconf 91' lang='lat' dir='ltr'>eisdem</span> <span class='ocrx_word' id='word_1_214' title='bbox 1093 2363 1179 2404; x_wconf 93' lang='lat' dir='ltr'>mon.</span> <span class='ocrx_word' id='word_1_215' title='bbox 1190 2341 1205 2425; x_wconf 93' lang='lat' dir='ltr'>j</span> <span class='ocrx_word' id='word_1_216' title='bbox 1233 2363 1368 2414; x_wconf 73' lang='lat' dir='ltr'>conanna-</span> 
     </span>
     <span class='ocr_line' id='line_1_22' title="bbox 58 2429 1327 2522; baseline 0.002 -24"><span class='ocrx_word' id='word_1_217' title='bbox 58 2456 169 2499; x_wconf 83' lang='lat' dir='ltr'>acram</span> <span class='ocrx_word' id='word_1_218' title='bbox 180 2443 275 2500; x_wconf 84' lang='lat' dir='ltr'>terrae</span> <span class='ocrx_word' id='word_1_219' title='bbox 283 2437 380 2500; x_wconf 83' lang='lat' dir='ltr'>cultae</span> <span class='ocrx_word' id='word_1_220' title='bbox 390 2439 425 2499; x_wconf 91' lang='lat' dir='ltr'>in</span> <span class='ocrx_word' id='word_1_221' title='bbox 435 2436 588 2519; x_wconf 81' lang='lat' dir='ltr'>langleis</span> <span class='ocrx_word' id='word_1_222' title='bbox 597 2438 777 2519; x_wconf 83' lang='lat' dir='ltr'>proximam</span> <span class='ocrx_word' id='word_1_223' title='bbox 789 2437 900 2501; x_wconf 84' lang='lat' dir='ltr'>divisae</span> <span class='ocrx_word' id='word_1_224' title='bbox 911 2437 951 2500; x_wconf 91' lang='lat' dir='ltr'>de</span> <span class='ocrx_word' id='word_1_225' title='bbox 960 2437 1098 2517; x_wconf 90' lang='lat' dir='ltr'>Horton,</span> <span class='ocrx_word' id='word_1_226' title='bbox 1111 2460 1208 2522; x_wconf 89' lang='lat' dir='ltr'>quam</span> <span class='ocrx_word' id='word_1_227' title='bbox 1232 2429 1284 2479; x_wconf 60' lang='lat'>5⁰¹¹</span> <span class='ocrx_word' id='word_1_228' title='bbox 1297 2429 1327 2479; x_wconf 80' lang='lat' dir='ltr'>of</span> 
     </span>
     <span class='ocr_line' id='line_1_23' title="bbox 58 2496 1367 2619; baseline 0.003 -24"><span class='ocrx_word' id='word_1_229' title='bbox 58 2532 183 2596; x_wconf 85' lang='lat' dir='ltr'>habent</span> <span class='ocrx_word' id='word_1_230' title='bbox 206 2554 246 2595; x_wconf 91' lang='lat' dir='ltr'>ex</span> <span class='ocrx_word' id='word_1_231' title='bbox 270 2533 355 2596; x_wconf 91' lang='lat' dir='ltr'>dono</span> <span class='ocrx_word' id='word_1_232' title='bbox 380 2531 539 2595; x_wconf 88' lang='lat' dir='ltr'>Willelmi</span> <span class='ocrx_word' id='word_1_233' title='bbox 564 2531 705 2595; x_wconf 88' lang='lat' dir='ltr'>Frebarn</span> <span class='ocrx_word' id='word_1_234' title='bbox 731 2538 766 2595; x_wconf 90' lang='lat' dir='ltr'>et</span> <span class='ocrx_word' id='word_1_235' title='bbox 790 2533 916 2597; x_wconf 85' lang='lat' dir='ltr'>Ceciliae</span> <span class='ocrx_word' id='word_1_236' title='bbox 941 2536 1048 2596; x_wconf 87' lang='lat' dir='ltr'>uxoris</span> <span class='ocrx_word' id='word_1_237' title='bbox 1072 2536 1151 2619; x_wconf 90' lang='lat' dir='ltr'>ejus,</span> <span class='ocrx_word' id='word_1_238' title='bbox 1175 2542 1210 2599; x_wconf 93' lang='lat' dir='ltr'>et</span> <span class='ocrx_word' id='word_1_239' title='bbox 1233 2496 1367 2561; x_wconf 75' lang='lat' dir='ltr'>inngloys.</span> 
     </span>
     <span class='ocr_line' id='line_1_24' title="bbox 58 2627 1210 2711; baseline 0.003 -20"><span class='ocrx_word' id='word_1_240' title='bbox 58 2635 166 2691; x_wconf 83' lang='lat' dir='ltr'>totam</span> <span class='ocrx_word' id='word_1_241' title='bbox 181 2634 299 2693; x_wconf 85' lang='lat' dir='ltr'>terram</span> <span class='ocrx_word' id='word_1_242' title='bbox 314 2649 411 2711; x_wconf 91' lang='lat' dir='ltr'>quam</span> <span class='ocrx_word' id='word_1_243' title='bbox 426 2627 612 2690; x_wconf 87' lang='lat' dir='ltr'>Willelmus</span> <span class='ocrx_word' id='word_1_244' title='bbox 634 2627 675 2689; x_wconf 89' lang='lat' dir='ltr'>de</span> <span class='ocrx_word' id='word_1_245' title='bbox 697 2627 815 2692; x_wconf 87' lang='lat' dir='ltr'>Sancto</span> <span class='ocrx_word' id='word_1_246' title='bbox 832 2629 928 2691; x_wconf 90' lang='lat' dir='ltr'>Petro</span> <span class='ocrx_word' id='word_1_247' title='bbox 944 2630 1041 2693; x_wconf 87' lang='lat' dir='ltr'>frater</span> <span class='ocrx_word' id='word_1_248' title='bbox 1059 2652 1149 2694; x_wconf 88' lang='lat' dir='ltr'>meus</span> <span class='ocrx_word' id='word_1_249' title='bbox 1164 2635 1210 2696; x_wconf 91' lang='lat' dir='ltr'>eis</span> 
     </span>
     <span class='ocr_line' id='line_1_25' title="bbox 59 2723 1210 2807; baseline 0.002 -19"><span class='ocrx_word' id='word_1_250' title='bbox 59 2725 164 2801; x_wconf 87' lang='lat' dir='ltr'>dedit,</span> <span class='ocrx_word' id='word_1_251' title='bbox 186 2724 321 2801; x_wconf 89' lang='lat' dir='ltr'>scilicet,</span> <span class='ocrx_word' id='word_1_252' title='bbox 339 2723 390 2807; x_wconf 78' lang='lat' dir='ltr'>j·¹¹</span> <span class='ocrx_word' id='word_1_253' title='bbox 411 2729 538 2807; x_wconf 88' lang='lat' dir='ltr'>partem</span> <span class='ocrx_word' id='word_1_254' title='bbox 568 2724 654 2806; x_wconf 90' lang='lat' dir='ltr'>prati</span> <span class='ocrx_word' id='word_1_255' title='bbox 684 2743 781 2805; x_wconf 87' lang='lat' dir='ltr'>quam</span> <span class='ocrx_word' id='word_1_256' title='bbox 811 2730 916 2786; x_wconf 89' lang='lat' dir='ltr'>mater</span> <span class='ocrx_word' id='word_1_257' title='bbox 945 2746 1017 2788; x_wconf 88' lang='lat' dir='ltr'>mea</span> <span class='ocrx_word' id='word_1_258' title='bbox 1039 2730 1146 2790; x_wconf 88' lang='lat' dir='ltr'>tenuit</span> <span class='ocrx_word' id='word_1_259' title='bbox 1175 2730 1210 2790; x_wconf 93' lang='lat' dir='ltr'>in</span> 
     </span>
     <span class='ocr_line' id='line_1_26' title="bbox 58 2819 1211 2906; baseline 0.002 -22"><span class='ocrx_word' id='word_1_260' title='bbox 58 2822 137 2884; x_wconf 89' lang='lat' dir='ltr'>dote</span> <span class='ocrx_word' id='word_1_261' title='bbox 150 2821 195 2883; x_wconf 88' lang='lat' dir='ltr'>ad</span> <span class='ocrx_word' id='word_1_262' title='bbox 208 2822 347 2884; x_wconf 87' lang='lat' dir='ltr'>australe</span> <span class='ocrx_word' id='word_1_263' title='bbox 361 2821 466 2904; x_wconf 88' lang='lat' dir='ltr'>capud</span> <span class='ocrx_word' id='word_1_264' title='bbox 486 2821 527 2882; x_wconf 93' lang='lat' dir='ltr'>de</span> <span class='ocrx_word' id='word_1_265' title='bbox 542 2819 759 2897; x_wconf 90' lang='lat' dir='ltr'>Hillifenside‚</span> <span class='ocrx_word' id='word_1_266' title='bbox 775 2825 809 2882; x_wconf 87' lang='lat' dir='ltr'>et</span> <span class='ocrx_word' id='word_1_267' title='bbox 831 2826 934 2883; x_wconf 91' lang='lat' dir='ltr'>totam</span> <span class='ocrx_word' id='word_1_268' title='bbox 957 2823 1116 2886; x_wconf 87' lang='lat' dir='ltr'>culturam</span> <span class='ocrx_word' id='word_1_269' title='bbox 1139 2846 1211 2906; x_wconf 85' lang='lat' dir='ltr'>quae</span> 
     </span>
     <span class='ocr_line' id='line_1_27' title="bbox 60 2917 1210 3000; baseline 0.003 -21"><span class='ocrx_word' id='word_1_270' title='bbox 60 2923 195 2979; x_wconf 87' lang='lat' dir='ltr'>vocatur</span> <span class='ocrx_word' id='word_1_271' title='bbox 209 2917 345 2999; x_wconf 86' lang='lat' dir='ltr'>Derling</span> <span class='ocrx_word' id='word_1_272' title='bbox 359 2936 433 2978; x_wconf 90' lang='lat' dir='ltr'>cum</span> <span class='ocrx_word' id='word_1_273' title='bbox 447 2917 654 3000; x_wconf 84' lang='lat' dir='ltr'>pertinenciis</span> <span class='ocrx_word' id='word_1_274' title='bbox 670 2917 745 2993; x_wconf 91' lang='lat' dir='ltr'>suis,</span> <span class='ocrx_word' id='word_1_275' title='bbox 760 2936 831 2998; x_wconf 84' lang='lat' dir='ltr'>quae</span> <span class='ocrx_word' id='word_1_276' title='bbox 845 2917 944 2981; x_wconf 91' lang='lat' dir='ltr'>habet</span> <span class='ocrx_word' id='word_1_277' title='bbox 958 2941 997 2982; x_wconf 89' lang='lat' dir='ltr'>ex</span> <span class='ocrx_word' id='word_1_278' title='bbox 1019 2921 1210 2983; x_wconf 89' lang='lat' dir='ltr'>occidentali</span> 
     </span>
     <span class='ocr_line' id='line_1_28' title="bbox 59 3013 1210 3098; baseline 0.003 -22"><span class='ocrx_word' id='word_1_279' title='bbox 59 3021 153 3098; x_wconf 83' lang='lat' dir='ltr'>parte</span> <span class='ocrx_word' id='word_1_280' title='bbox 169 3013 291 3096; x_wconf 89' lang='lat' dir='ltr'>lapides</span> <span class='ocrx_word' id='word_1_281' title='bbox 305 3014 424 3096; x_wconf 88' lang='lat' dir='ltr'>positos</span> <span class='ocrx_word' id='word_1_282' title='bbox 438 3015 473 3077; x_wconf 92' lang='lat' dir='ltr'>in</span> <span class='ocrx_word' id='word_1_283' title='bbox 492 3014 605 3090; x_wconf 89' lang='lat' dir='ltr'>divisa,</span> <span class='ocrx_word' id='word_1_284' title='bbox 620 3017 655 3074; x_wconf 92' lang='lat' dir='ltr'>et</span> <span class='ocrx_word' id='word_1_285' title='bbox 676 3034 715 3075; x_wconf 89' lang='lat' dir='ltr'>ex</span> <span class='ocrx_word' id='word_1_286' title='bbox 736 3013 870 3076; x_wconf 89' lang='lat' dir='ltr'>australi</span> <span class='ocrx_word' id='word_1_287' title='bbox 892 3021 983 3097; x_wconf 85' lang='lat' dir='ltr'>parte</span> <span class='ocrx_word' id='word_1_288' title='bbox 1006 3021 1040 3079; x_wconf 89' lang='lat' dir='ltr'>et</span> <span class='ocrx_word' id='word_1_289' title='bbox 1063 3019 1210 3081; x_wconf 87' lang='lat' dir='ltr'>orientali</span> 
     </span>
     <span class='ocr_line' id='line_1_29' title="bbox 60 3108 1210 3195; baseline 0.003 -23"><span class='ocrx_word' id='word_1_290' title='bbox 60 3111 163 3172; x_wconf 86' lang='lat' dir='ltr'>habet</span> <span class='ocrx_word' id='word_1_291' title='bbox 187 3109 324 3171; x_wconf 81' lang='lat' dir='ltr'>divisam</span> <span class='ocrx_word' id='word_1_292' title='bbox 348 3109 440 3170; x_wconf 90' lang='lat' dir='ltr'>filum</span> <span class='ocrx_word' id='word_1_293' title='bbox 466 3109 506 3171; x_wconf 92' lang='lat' dir='ltr'>de</span> <span class='ocrx_word' id='word_1_294' title='bbox 531 3108 771 3184; x_wconf 79' lang='lat' dir='ltr'>&#39;1¹urnleche,et</span> <span class='ocrx_word' id='word_1_295' title='bbox 795 3130 834 3171; x_wconf 93' lang='lat' dir='ltr'>ex</span> <span class='ocrx_word' id='word_1_296' title='bbox 860 3112 1035 3192; x_wconf 88' lang='lat' dir='ltr'>aquilonali</span> <span class='ocrx_word' id='word_1_297' title='bbox 1050 3120 1141 3195; x_wconf 86' lang='lat' dir='ltr'>parte</span> <span class='ocrx_word' id='word_1_298' title='bbox 1162 3120 1210 3176; x_wconf 89' lang='lat' dir='ltr'>est</span> 
     </span>
     <span class='ocr_line' id='line_1_30' title="bbox 60 3205 1210 3290; baseline 0.001 -20"><span class='ocrx_word' id='word_1_299' title='bbox 60 3207 165 3270; x_wconf 87' lang='lat' dir='ltr'>divisa</span> <span class='ocrx_word' id='word_1_300' title='bbox 193 3207 279 3268; x_wconf 82' lang='lat' dir='ltr'>inter</span> <span class='ocrx_word' id='word_1_301' title='bbox 308 3212 426 3268; x_wconf 82' lang='lat' dir='ltr'>terram</span> <span class='ocrx_word' id='word_1_302' title='bbox 455 3205 612 3267; x_wconf 88' lang='lat' dir='ltr'>arabilem</span> <span class='ocrx_word' id='word_1_303' title='bbox 641 3205 784 3288; x_wconf 89' lang='lat' dir='ltr'>ejusdem</span> <span class='ocrx_word' id='word_1_304' title='bbox 810 3207 943 3269; x_wconf 87' lang='lat' dir='ltr'>culturae</span> <span class='ocrx_word' id='word_1_305' title='bbox 964 3213 998 3270; x_wconf 91' lang='lat' dir='ltr'>et</span> <span class='ocrx_word' id='word_1_306' title='bbox 1019 3214 1149 3290; x_wconf 88' lang='lat' dir='ltr'>pratum</span> <span class='ocrx_word' id='word_1_307' title='bbox 1170 3209 1210 3272; x_wconf 91' lang='lat' dir='ltr'>de</span> 
     </span>
     <span class='ocr_line' id='line_1_31' title="bbox 59 3300 1355 3386; baseline 0.004 -20"><span class='ocrx_word' id='word_1_308' title='bbox 59 3303 275 3386; x_wconf 84' lang='lat' dir='ltr'>Langeleche.</span> <span class='ocrx_word' id='word_1_309' title='bbox 320 3302 398 3364; x_wconf 84' lang='lat' dir='ltr'>Ten.</span> <span class='ocrx_word' id='word_1_310' title='bbox 413 3307 448 3364; x_wconf 87' lang='lat' dir='ltr'>et</span> <span class='ocrx_word' id='word_1_311' title='bbox 462 3301 536 3363; x_wconf 90' lang='lat' dir='ltr'>hab.</span> <span class='ocrx_word' id='word_1_312' title='bbox 551 3306 612 3364; x_wconf 89' lang='lat' dir='ltr'>etc.</span> <span class='ocrx_word' id='word_1_313' title='bbox 658 3300 805 3364; x_wconf 84' lang='lat' dir='ltr'>Concessi</span> <span class='ocrx_word' id='word_1_314' title='bbox 827 3308 861 3364; x_wconf 90' lang='lat' dir='ltr'>et</span> <span class='ocrx_word' id='word_1_315' title='bbox 883 3302 928 3363; x_wconf 87' lang='lat' dir='ltr'>eis</span> <span class='ocrx_word' id='word_1_316' title='bbox 951 3302 1087 3365; x_wconf 79' lang='lat' dir='ltr'>liberum</span> <span class='ocrx_word' id='word_1_317' title='bbox 1109 3305 1154 3366; x_wconf 90' lang='lat' dir='ltr'>ire</span> <span class='ocrx_word' id='word_1_318' title='bbox 1176 3309 1211 3367; x_wconf 91' lang='lat' dir='ltr'>et</span> <span class='ocrx_word' id='word_1_319' title='bbox 1234 3323 1355 3386; x_wconf 80' lang='lat' dir='ltr'>Rightof</span> 
     </span>
     <span class='ocr_line' id='line_1_32' title="bbox 58 3398 1297 3482; baseline 0.001 -20"><span class='ocrx_word' id='word_1_320' title='bbox 58 3400 166 3463; x_wconf 85' lang='lat' dir='ltr'>redire</span> <span class='ocrx_word' id='word_1_321' title='bbox 180 3399 256 3481; x_wconf 91' lang='lat' dir='ltr'>ipsis</span> <span class='ocrx_word' id='word_1_322' title='bbox 270 3403 306 3461; x_wconf 89' lang='lat' dir='ltr'>et</span> <span class='ocrx_word' id='word_1_323' title='bbox 320 3398 503 3460; x_wconf 92' lang='lat' dir='ltr'>hominibus</span> <span class='ocrx_word' id='word_1_324' title='bbox 518 3401 551 3459; x_wconf 90' lang='lat' dir='ltr'>et</span> <span class='ocrx_word' id='word_1_325' title='bbox 571 3398 758 3479; x_wconf 86' lang='lat' dir='ltr'>summagiis</span> <span class='ocrx_word' id='word_1_326' title='bbox 781 3407 814 3460; x_wconf 87' lang='lat' dir='ltr'>et</span> <span class='ocrx_word' id='word_1_327' title='bbox 837 3399 983 3480; x_wconf 84' lang='lat' dir='ltr'>cariagiis</span> <span class='ocrx_word' id='word_1_328' title='bbox 1005 3400 1069 3461; x_wconf 88' lang='lat' dir='ltr'>suis</span> <span class='ocrx_word' id='word_1_329' title='bbox 1091 3400 1210 3482; x_wconf 92' lang='lat' dir='ltr'>ubique</span> <span class='ocrx_word' id='word_1_330' title='bbox 1235 3405 1297 3454; x_wconf 70' lang='lat'>&#39;⁷⁸5-</span> 
     </span>
     <span class='ocr_line' id='line_1_33' title="bbox 60 3493 1211 3579; baseline 0.003 -21"><span class='ocrx_word' id='word_1_331' title='bbox 60 3517 120 3579; x_wconf 86' lang='lat' dir='ltr'>per</span> <span class='ocrx_word' id='word_1_332' title='bbox 139 3500 244 3558; x_wconf 87' lang='lat' dir='ltr'>totam</span> <span class='ocrx_word' id='word_1_333' title='bbox 258 3501 380 3557; x_wconf 86' lang='lat' dir='ltr'>terram</span> <span class='ocrx_word' id='word_1_334' title='bbox 395 3514 501 3557; x_wconf 88' lang='lat' dir='ltr'>meam</span> <span class='ocrx_word' id='word_1_335' title='bbox 517 3500 608 3557; x_wconf 87' lang='lat' dir='ltr'>extra</span> <span class='ocrx_word' id='word_1_336' title='bbox 633 3493 764 3555; x_wconf 90' lang='lat' dir='ltr'>bladum</span> <span class='ocrx_word' id='word_1_337' title='bbox 791 3500 825 3556; x_wconf 92' lang='lat' dir='ltr'>et</span> <span class='ocrx_word' id='word_1_338' title='bbox 851 3501 980 3577; x_wconf 88' lang='lat' dir='ltr'>pratum</span> <span class='ocrx_word' id='word_1_339' title='bbox 995 3496 1063 3558; x_wconf 89' lang='lat' dir='ltr'>sine</span> <span class='ocrx_word' id='word_1_340' title='bbox 1084 3498 1211 3579; x_wconf 89' lang='lat' dir='ltr'>inpedi-</span> 
     </span>
     <span class='ocr_line' id='line_1_34' title="bbox 60 3590 1209 3674; baseline 0.003 -20"><span class='ocrx_word' id='word_1_341' title='bbox 60 3597 174 3654; x_wconf 86' lang='lat' dir='ltr'>mento</span> <span class='ocrx_word' id='word_1_342' title='bbox 198 3591 261 3654; x_wconf 90' lang='lat' dir='ltr'>mei</span> <span class='ocrx_word' id='word_1_343' title='bbox 289 3590 342 3653; x_wconf 90' lang='lat' dir='ltr'>vel</span> <span class='ocrx_word' id='word_1_344' title='bbox 367 3591 535 3652; x_wconf 91' lang='lat' dir='ltr'>hominum</span> <span class='ocrx_word' id='word_1_345' title='bbox 559 3611 714 3653; x_wconf 89' lang='lat' dir='ltr'>meorum.</span> <span class='ocrx_word' id='word_1_346' title='bbox 760 3591 805 3652; x_wconf 90' lang='lat' dir='ltr'>Et</span> <span class='ocrx_word' id='word_1_347' title='bbox 840 3612 901 3674; x_wconf 87' lang='lat' dir='ltr'>ego</span> <span class='ocrx_word' id='word_1_348' title='bbox 925 3592 977 3655; x_wconf 89' lang='lat' dir='ltr'>W.</span> <span class='ocrx_word' id='word_1_349' title='bbox 1005 3598 1038 3655; x_wconf 90' lang='lat' dir='ltr'>et</span> <span class='ocrx_word' id='word_1_350' title='bbox 1054 3594 1121 3656; x_wconf 86' lang='lat' dir='ltr'>her.</span> <span class='ocrx_word' id='word_1_351' title='bbox 1137 3615 1209 3657; x_wconf 87' lang='lat' dir='ltr'>war.</span> 
     </span>
    </p>
   </div>
   <div class='ocr_carea' id='block_1_3' title="bbox 61 3694 124 3752">
    <p class='ocr_par' dir='ltr' id='par_1_3' title="bbox 61 3694 124 3752">
     <span class='ocr_line' id='line_1_35' title="bbox 61 3694 124 3752; baseline -0.016 0"><span class='ocrx_word' id='word_1_352' title='bbox 61 3694 124 3752; x_wconf 87' lang='lat' dir='ltr'>etc.</span> 
     </span>
    </p>
   </div>
   <div class='ocr_carea' id='block_1_4' title="bbox 62 3873 1378 4447">
    <p class='ocr_par' dir='ltr' id='par_1_4' title="bbox 62 3873 1378 4447">
     <span class='ocr_line' id='line_1_36' title="bbox 128 3873 1345 3964; baseline 0 -22"><span class='ocrx_word' id='word_1_353' title='bbox 128 3878 286 3942; x_wconf 87' lang='lat' dir='ltr'>Ricardus</span> <span class='ocrx_word' id='word_1_354' title='bbox 301 3877 342 3941; x_wconf 89' lang='lat' dir='ltr'>de</span> <span class='ocrx_word' id='word_1_355' title='bbox 358 3878 487 3962; x_wconf 88' lang='lat' dir='ltr'>Hedley</span> <span class='ocrx_word' id='word_1_356' title='bbox 502 3882 537 3940; x_wconf 93' lang='lat' dir='ltr'>et</span> <span class='ocrx_word' id='word_1_357' title='bbox 561 3878 677 3942; x_wconf 86' lang='lat' dir='ltr'>Sibilla</span> <span class='ocrx_word' id='word_1_358' title='bbox 699 3880 852 3942; x_wconf 90' lang='lat' dir='ltr'>Mauduit</span> <span class='ocrx_word' id='word_1_359' title='bbox 874 3901 951 3942; x_wconf 90' lang='lat' dir='ltr'>uxor</span> <span class='ocrx_word' id='word_1_360' title='bbox 970 3882 1048 3964; x_wconf 89' lang='lat' dir='ltr'>ejus,</span> <span class='ocrx_word' id='word_1_361' title='bbox 1064 3883 1210 3945; x_wconf 79' lang='lat' dir='ltr'>salutem.</span> <span class='ocrx_word' id='word_1_362' title='bbox 1278 3873 1345 3955; x_wconf 22' lang='lat' dir='ltr'>,vij-U</span> 
     </span>
     <span class='ocr_line' id='line_1_37' title="bbox 62 3945 1373 4058; baseline 0.001 -18"><span class='ocrx_word' id='word_1_363' title='bbox 62 3977 177 4041; x_wconf 83' lang='lat' dir='ltr'>Sciatis</span> <span class='ocrx_word' id='word_1_364' title='bbox 192 3997 249 4038; x_wconf 92' lang='lat' dir='ltr'>nos</span> <span class='ocrx_word' id='word_1_365' title='bbox 264 3973 421 4038; x_wconf 85' lang='lat' dir='ltr'>relaxasse</span> <span class='ocrx_word' id='word_1_366' title='bbox 435 3980 470 4037; x_wconf 89' lang='lat' dir='ltr'>et</span> <span class='ocrx_word' id='word_1_367' title='bbox 483 3975 608 4057; x_wconf 87' lang='lat' dir='ltr'>quietas</span> <span class='ocrx_word' id='word_1_368' title='bbox 629 3974 780 4038; x_wconf 86' lang='lat' dir='ltr'>clamasse</span> <span class='ocrx_word' id='word_1_369' title='bbox 803 3976 871 4038; x_wconf 86' lang='lat' dir='ltr'>Deo</span> <span class='ocrx_word' id='word_1_370' title='bbox 894 3986 928 4039; x_wconf 93' lang='lat' dir='ltr'>et</span> <span class='ocrx_word' id='word_1_371' title='bbox 942 3997 1003 4040; x_wconf 92' lang='lat' dir='ltr'>mo.</span> <span class='ocrx_word' id='word_1_372' title='bbox 1020 3978 1162 4042; x_wconf 77' lang='lat' dir='ltr'>ecclesiae</span> <span class='ocrx_word' id='word_1_373' title='bbox 1177 3979 1210 4042; x_wconf 85' lang='lat' dir='ltr'>S.</span> <span class='ocrx_word' id='word_1_374' title='bbox 1235 3945 1373 4058; x_wconf 48' lang='lat' dir='ltr'>,fussfflssssm</span> 
     </span>
     <span class='ocr_line' id='line_1_38' title="bbox 62 4071 1378 4188; baseline 0 -51"><span class='ocrx_word' id='word_1_375' title='bbox 62 4073 109 4137; x_wconf 88' lang='lat' dir='ltr'>M.</span> <span class='ocrx_word' id='word_1_376' title='bbox 123 4073 209 4136; x_wconf 84' lang='lat' dir='ltr'>Novi</span> <span class='ocrx_word' id='word_1_377' title='bbox 224 4072 316 4135; x_wconf 92' lang='lat' dir='ltr'>Mon.</span> <span class='ocrx_word' id='word_1_378' title='bbox 331 4071 403 4134; x_wconf 86' lang='lat' dir='ltr'>illas</span> <span class='ocrx_word' id='word_1_379' title='bbox 418 4071 440 4154; x_wconf 94' lang='lat' dir='ltr'>ij</span> <span class='ocrx_word' id='word_1_380' title='bbox 458 4091 544 4133; x_wconf 87' lang='lat' dir='ltr'>acras</span> <span class='ocrx_word' id='word_1_381' title='bbox 560 4091 637 4153; x_wconf 86' lang='lat' dir='ltr'>quas</span> <span class='ocrx_word' id='word_1_382' title='bbox 647 4071 806 4134; x_wconf 80' lang='lat' dir='ltr'>Walterus</span> <span class='ocrx_word' id='word_1_383' title='bbox 821 4071 861 4134; x_wconf 89' lang='lat' dir='ltr'>de</span> <span class='ocrx_word' id='word_1_384' title='bbox 878 4072 995 4135; x_wconf 88' lang='lat' dir='ltr'>Sancto</span> <span class='ocrx_word' id='word_1_385' title='bbox 1008 4074 1104 4137; x_wconf 90' lang='lat' dir='ltr'>Petro</span> <span class='ocrx_word' id='word_1_386' title='bbox 1120 4074 1211 4139; x_wconf 89' lang='lat' dir='ltr'>dedit</span> <span class='ocrx_word' id='word_1_387' title='bbox 1235 4074 1334 4188; x_wconf 55' lang='lat' dir='ltr'>ipsit.</span> <span class='ocrx_word' id='word_1_388' title='bbox 1346 4075 1378 4124; x_wconf 72' lang='lat' dir='ltr'>da</span> 
     </span>
     <span class='ocr_line' id='line_1_39' title="bbox 62 4141 1368 4270; baseline 0.001 -36"><span class='ocrx_word' id='word_1_389' title='bbox 62 4172 178 4233; x_wconf 87' lang='lat' dir='ltr'>eisdem</span> <span class='ocrx_word' id='word_1_390' title='bbox 209 4168 376 4231; x_wconf 84' lang='lat' dir='ltr'>monacbis</span> <span class='ocrx_word' id='word_1_391' title='bbox 405 4169 441 4230; x_wconf 90' lang='lat' dir='ltr'>in</span> <span class='ocrx_word' id='word_1_392' title='bbox 471 4167 677 4244; x_wconf 88' lang='lat' dir='ltr'>escambium,</span> <span class='ocrx_word' id='word_1_393' title='bbox 707 4189 778 4250; x_wconf 82' lang='lat' dir='ltr'>quae</span> <span class='ocrx_word' id='word_1_394' title='bbox 807 4169 878 4231; x_wconf 85' lang='lat' dir='ltr'>duae</span> <span class='ocrx_word' id='word_1_395' title='bbox 908 4190 989 4233; x_wconf 80' lang='lat' dir='ltr'>acrae</span> <span class='ocrx_word' id='word_1_396' title='bbox 1022 4174 1211 4256; x_wconf 86' lang='lat' dir='ltr'>quandoque</span> <span class='ocrx_word' id='word_1_397' title='bbox 1235 4141 1368 4270; x_wconf 52' lang='lat' dir='ltr'>,fflgffiyl</span> 
     </span>
     <span class='ocr_line' id='line_1_40' title="bbox 62 4263 1362 4353; baseline 0.004 -25"><span class='ocrx_word' id='word_1_398' title='bbox 62 4267 190 4328; x_wconf 83' lang='lat' dir='ltr'>fuenmt</span> <span class='ocrx_word' id='word_1_399' title='bbox 204 4267 247 4329; x_wconf 92' lang='lat' dir='ltr'>de</span> <span class='ocrx_word' id='word_1_400' title='bbox 262 4265 339 4327; x_wconf 84' lang='lat' dir='ltr'>dote</span> <span class='ocrx_word' id='word_1_401' title='bbox 354 4264 450 4327; x_wconf 83' lang='lat' dir='ltr'>dictae</span> <span class='ocrx_word' id='word_1_402' title='bbox 466 4263 598 4327; x_wconf 87' lang='lat' dir='ltr'>Sibillae.</span> <span class='ocrx_word' id='word_1_403' title='bbox 644 4265 689 4326; x_wconf 86' lang='lat' dir='ltr'>Et</span> <span class='ocrx_word' id='word_1_404' title='bbox 699 4285 756 4347; x_wconf 90' lang='lat' dir='ltr'>pro</span> <span class='ocrx_word' id='word_1_405' title='bbox 768 4265 828 4326; x_wconf 87' lang='lat' dir='ltr'>ista</span> <span class='ocrx_word' id='word_1_406' title='bbox 840 4265 1038 4330; x_wconf 86' lang='lat' dir='ltr'>relaxacione</span> <span class='ocrx_word' id='word_1_407' title='bbox 1054 4275 1087 4332; x_wconf 88' lang='lat' dir='ltr'>et</span> <span class='ocrx_word' id='word_1_408' title='bbox 1103 4272 1210 4353; x_wconf 84' lang='lat' dir='ltr'>quieta</span> <span class='ocrx_word' id='word_1_409' title='bbox 1237 4272 1362 4321; x_wconf 69' lang='lat' dir='ltr'>Mancini.</span> 
     </span>
     <span class='ocr_line' id='line_1_41' title="bbox 62 4359 1212 4447; baseline 0.003 -22"><span class='ocrx_word' id='word_1_410' title='bbox 62 4362 257 4425; x_wconf 86' lang='lat' dir='ltr'>clamaeione</span> <span class='ocrx_word' id='word_1_411' title='bbox 272 4360 520 4423; x_wconf 88' lang='lat' dir='ltr'>dictimonachi</span> <span class='ocrx_word' id='word_1_412' title='bbox 542 4359 698 4424; x_wconf 90' lang='lat' dir='ltr'>dederunt</span> <span class='ocrx_word' id='word_1_413' title='bbox 719 4359 811 4422; x_wconf 93' lang='lat' dir='ltr'>nobis</span> <span class='ocrx_word' id='word_1_414' title='bbox 827 4382 847 4421; x_wconf 87' lang='lat' dir='ltr'>x</span> <span class='ocrx_word' id='word_1_415' title='bbox 862 4362 978 4425; x_wconf 90' lang='lat' dir='ltr'>solidos</span> <span class='ocrx_word' id='word_1_416' title='bbox 992 4369 1129 4447; x_wconf 86' lang='lat' dir='ltr'>argenti.</span> <span class='ocrx_word' id='word_1_417' title='bbox 1167 4368 1212 4428; x_wconf 88' lang='lat' dir='ltr'>Et</span> 
     </span>
    </p>
   </div>
   <div class='ocr_carea' id='block_1_5' title="bbox 63 4455 1212 4544">
    <p class='ocr_par' dir='ltr' id='par_1_5' title="bbox 63 4455 1212 4544">
     <span class='ocr_line' id='line_1_42' title="bbox 63 4455 1212 4544; baseline 0.003 -22"><span class='ocrx_word' id='word_1_418' title='bbox 63 4480 117 4522; x_wconf 90' lang='lat' dir='ltr'>nos</span> <span class='ocrx_word' id='word_1_419' title='bbox 131 4480 241 4522; x_wconf 89' lang='lat' dir='ltr'>coram</span> <span class='ocrx_word' id='word_1_420' title='bbox 257 4457 395 4520; x_wconf 88' lang='lat' dir='ltr'>testibus</span> <span class='ocrx_word' id='word_1_421' title='bbox 410 4455 608 4519; x_wconf 86' lang='lat' dir='ltr'>affidavimus</span> <span class='ocrx_word' id='word_1_422' title='bbox 623 4477 680 4519; x_wconf 92' lang='lat' dir='ltr'>nos</span> <span class='ocrx_word' id='word_1_423' title='bbox 695 4456 830 4519; x_wconf 88' lang='lat' dir='ltr'>firmiter</span> <span class='ocrx_word' id='word_1_424' title='bbox 844 4463 878 4520; x_wconf 87' lang='lat' dir='ltr'>et</span> <span class='ocrx_word' id='word_1_425' title='bbox 893 4459 960 4522; x_wconf 89' lang='lat' dir='ltr'>sine</span> <span class='ocrx_word' id='word_1_426' title='bbox 975 4461 1060 4523; x_wconf 90' lang='lat' dir='ltr'>malo</span> <span class='ocrx_word' id='word_1_427' title='bbox 1082 4463 1212 4544; x_wconf 86' lang='lat' dir='ltr'>ingenio</span> 
     </span>
    </p>
   </div>
   <div class='ocr_carea' id='block_1_6' title="bbox 0 0 1484 5048">
    <p class='ocr_par' dir='ltr' id='par_1_6' title="bbox 0 0 1484 5048">
     <span class='ocr_line' id='line_1_43' title="bbox 0 0 1484 5048; baseline 0 0"><span class='ocrx_word' id='word_1_428' title='bbox 0 0 1484 5048; x_wconf 95' lang='lat' dir='ltr'> </span> 
     </span>
    </p>
   </div>
  </div>
 </body>
</html>
