2940 5048
435 130 481 183 1111
506 130 601 184 NOVO
627 130 864 184 Monssrnslo.

77 296 200 360 nomine
222 316 293 372 suo,
308 296 415 361 solvat
439 320 494 361 seu
516 299 597 361 solvi
622 299 721 362 faciat
744 306 803 362 aut
826 300 949 361 faciant
972 297 1062 380 praef.
1084 296 1224 373 Roherto

75 393 188 470 Elmet,
203 394 314 457 hered.
330 415 388 458 seu
402 396 625 458 executoribus
640 396 717 472 suis,
732 400 789 459 aut
808 416 918 458 eorum
941 400 1028 457 00110
1050 397 1224 468 1110111110,

72 490 180 553 decem
195 490 296 553 libras
310 491 403 554 bonae
417 496 451 553 et
466 491 581 574 legalis
603 497 741 554 monetae
757 491 883 574 Angliae
906 512 999 574 super
1015 510 1115 552 unum
1137 490 1225 550 diem

72 585 154 647 infra
169 588 350 648 terminum
373 594 510 668 quatuor
525 607 682 650 annorum
697 608 785 670 prox.
801 588 1005 669 sequencium
1028 592 1099 668 post
1114 585 1224 646 datam
1248 598 1364 648 Aloros

71 682 293 763 praesencium,
328 682 370 745 ad
406 683 508 745 altare
546 682 656 745 Beatae
694 683 808 745 Mariae
838 683 982 764 Virginis
1019 683 1054 743 in
1091 679 1224 742 ecclesia
1248 664 1371 779 11111.νί

71 777 249 858 parochiali
263 778 304 841 de
321 777 539 854 Stanforham,
554 777 642 860 quod
664 784 743 841 tunc
759 778 856 862 praed.
873 785 962 840 carta
975 777 1174 839 feoffamcnti
1189 780 1224 838 et
1247 737 1369 847 111111ἓῖ,

70 872 189 935 seisina
214 873 293 936 inde
316 874 429 936 habita
451 895 547 936 cassae
570 876 636 936 sint
658 881 692 936 et
707 895 808 952 vanae,
823 874 1006 955 nulliusque
1025 872 1141 935 valoris
1163 891 1223 934 nec

70 967 214 1030 virtutis.
254 968 299 1032 Et
323 969 409 1052 quod
436 975 554 1032 extunc
580 968 663 1032 bene
687 969 784 1031 liceat
807 969 895 1051 praef.
923 968 1076 1042 Johanni,
1098 968 1164 1029 her.
1188 971 1224 1028 et

69 1065 189 1146 mign-
205 1066 272 1127 suis
286 1066 390 1127 dictas
401 1071 539 1147 quatuor
550 1054 653 1127 terras
664 1065 821 1140 husband,
833 1065 897 1127 duo
913 1066 1049 1146 eotagia,
1065 1069 1099 1125 01
1113 1064 1222 1126 omnia

68 1158 133 1221 alia
147 1164 251 1222 terras
265 1166 300 1223 et
314 1165 510 1240 tenemento,
525 1162 671 1224 redditus
686 1167 719 1222 et
731 1162 875 1236 servicia,
885 1181 958 1222 cum
973 1180 1060 1222 omn.
1069 1159 1143 1221 aliis
1155 1160 1221 1220 suis

67 1255 291 1337 pertinenciis,
303 1259 469 1332 reintrare,
480 1256 644 1333 rehabere,
656 1262 691 1318 et
705 1257 739 1317 in
756 1257 893 1338 pristino
909 1262 997 1318 statu
1011 1277 1067 1318 suo
1083 1257 1221 1318 retinere

68 1350 102 1412 in
116 1355 334 1434 perpetuum
357 1353 406 1414 sin
422 1359 533 1415 autern
557 1352 712 1435 praedicta
726 1357 814 1413 carta
829 1351 1040 1429 feoffamenti,
1056 1357 1090 1413 et
1104 1352 1221 1413 seisina

67 1445 144 1510 inde
157 1446 283 1524 habita,
299 1449 334 1509 in
350 1449 414 1511 suis
428 1452 639 1531 permancant
654 1448 766 1510 robore
782 1452 817 1508 et
837 1449 967 1520 virtute,
992 1448 1128 1529 provisio
1141 1444 1221 1528 (sio)

68 1560 207 1624 semper,
222 1543 309 1625 quod
324 1549 396 1626 post
411 1543 606 1606 solucionem
626 1544 788 1606 dictarum
805 1542 917 1605 decem
933 1543 1098 1616 librarum,
1114 1543 1220 1604 dictus

57 1635 231 1700 liebertus
254 1639 364 1700 Elmet
385 1637 502 1719 (losa)
525 1639 658 1702 heredes
679 1642 714 1700 et
736 1640 852 1720 assign.
868 1640 918 1699 sui
938 1637 1102 1700 habebunt
1117 1637 1220 1698 dictas

66 1738 209 1814 quatuor
232 1739 338 1796 terras
352 1734 513 1812 husband,
531 1735 594 1798 duo
621 1735 758 1816 cotagia‚
780 1739 814 1795 et
841 1735 951 1795 omnia
974 1733 1039 1794 alia
1062 1737 1162 1793 terras
1187 1737 1220 1794 et

66 1831 268 1904 tenemento,
282 1829 438 1906 redditus,
452 1835 487 1892 01
502 1831 647 1906 servicia,
663 1850 737 1892 cum
752 1849 838 1891 omn.
854 1829 928 1890 aliis
951 1830 1016 1890 suis
1030 1828 1147 1910 pertin.
1163 1847 1221 1909 per

65 1944 167 1987 unum
192 1945 314 1988 annum
340 1925 507 2009 integrum
530 1946 618 2008 prox.
642 1930 717 2007 post
741 1926 861 1986 dictam
888 1924 1092 1986 solucionem.
1136 1922 1221 1985 Red-

65 2018 161 2083 dend.
176 2020 256 2083 inde
281 2041 340 2104 pro
364 2022 477 2085 eodem
492 2042 577 2085 anno
596 2021 676 2104 xxiij
688 2042 712 2084 s.
728 2021 863 2103 praefato
878 2019 1032 2096 Johanni,
1048 2019 1218 2081 heredibus

65 2121 123 2178 aut
146 2117 374 2180 executoribus
400 2118 475 2180 suis.
521 2118 561 2179 In
589 2115 680 2198 cujus
707 2136 741 2177 re
763 2112 843 2200 (sio)
865 2116 1089 2177 testimoninm
1112 2118 1219 2196 partes

64 2212 231 2294 praedictae
255 2213 319 2274 hiis
345 2212 528 2275 indenturis
562 2211 671 2294 sigilla
698 2231 756 2273 sua
783 2211 970 2273 alternatim
993 2215 1217 2292 apposuerunt.

63 2304 139 2370 Dat.
163 2308 253 2390 apud
280 2304 888 2390 11011011101111111101110011110111ο
913 2305 989 2380 die,¹
1015 2326 1098 2367 anno
1124 2305 1217 2388 regni
1242 2322 1293 2360 so.

63 2402 201 2466 Henrici
217 2404 301 2466 sexti
318 2404 430 2466 tercio.
1244 2379 1348 2428 ΗΜ·

381 2734 545 2801 TEROIA
577 2734 642 2799 DE
671 2734 907 2802 EOHEWYK.

129 2899 295 2962 Norerint
323 2898 465 2961 universi
496 2918 553 2979 per
575 2902 748 2980 praesentes
777 2919 834 2960 nos
857 2899 1038 2961 Johannem
1067 2900 1214 2976 Mitiord,
1240 2928 1349 2980 13de

65 2994 171 3058 lilium
181 3000 216 3058 et
224 2993 375 3057 heredem
385 2992 542 3055 Willelmi
553 2993 592 3055 de
604 2994 741 3055 Mitiord
751 2997 784 3056 in
797 2996 954 3055 comitatu
965 2994 1215 3071 Nerthumbriae,
1240 3012 1289 3059 pay
1302 2996 1356 3045 ²⁶⁴⁰

65 3091 258 3170 gentilman,
273 3095 309 3152 et
324 3089 514 3172 Marjoriam
529 3089 569 3151 de
584 3089 731 3164 Mitford,
747 3090 907 3171 quondam
922 3109 1053 3149 uxorem
1070 3090 1158 3152 will.
1174 3091 1214 3152 de
1240 3061 1338 3176 ἓξὲξ·

66 3185 217 3264 Mitiord,
232 3185 377 3258 viduam,
389 3186 492 3246 teneri
515 3190 550 3247 et
573 3184 709 3246 firmiter
725 3184 862 3266 obligari
885 3184 1024 3245 Roberto
1048 3185 1157 3247 Elmet
1180 3188 1215 3247 in

66 3280 440 3363 quadragintaquinque
458 3280 551 3342 libris
572 3280 812 3362 sterlingorum,
829 3280 985 3341 solvendis
1007 3281 1111 3341 eidem
1134 3280 1213 3343 Rob.

66 3375 189 3454 Ε11101,
203 3376 385 3452 heredibus,
400 3374 453 3436 vel
467 3375 690 3437 executoribus
705 3376 781 3451 suis,
793 3380 851 3437 aut
866 3397 922 3437 suo
937 3380 1024 3438 certo
1039 3381 1213 3453 attomat0,

66 3471 108 3534 ad
131 3472 253 3535 festum
280 3471 392 3534 Sancti
416 3471 554 3533 Martini
576 3471 612 3532 in
633 3492 726 3552 yeme
746 3492 837 3553 prox.
854 3472 998 3533 futurum
1016 3476 1089 3553 post
1104 3472 1214 3534 datam

67 3568 298 3650 prmsencim;
329 3567 371 3629 ad
397 3586 494 3648 quam
519 3567 652 3648 quidem
680 3566 876 3630 solucionem
903 3568 984 3629 hene
1013 3573 1047 3628 et
1073 3567 1214 3630 fideliter

68 3664 250 3728 faciendam
266 3664 446 3747 obligamus
464 3684 521 3726 nos
541 3668 575 3725 et
589 3669 764 3746 utrumque
786 3670 930 3727 nostrum
953 3685 1010 3746 per
1025 3685 1056 3727 se
1072 3671 1214 3747 prototo

69 3763 104 3822 01
128 3761 165 3823 in
189 3760 344 3835 solidum,
366 3761 497 3822 heredes
522 3764 557 3822 01
583 3765 765 3822 executores
791 3766 914 3823 nostros
940 3782 977 3822 ac
1002 3762 1109 3823 omnia
1130 3761 1214 3824 bona

68 3858 177 3918 nostra
198 3855 395 3938 ubicumque
417 3855 539 3917 11101111
552 3855 686 3918 inventa
708 3876 764 3937 per
779 3862 960 3937 praesentes.
1006 3857 1045 3918 In
1061 3856 1151 3938 cujus
1166 3859 1212 3919 rei

67 3952 290 4014 testimonium
304 3956 452 4033 praesent.
468 3950 576 4033 sigilla
590 3955 697 4012 nostra
712 3953 928 4032 apposuimus.
974 3951 1048 4013 Dat.
1060 3953 1212 4016 vicesimo
1238 3982 1304 4033 June
1316 3986 1355 4043 23,

65 4051 178 4110 octavo
193 4047 247 4110 die
261 4045 284 4109 J
285 4047 366 4122 unii,
381 4066 465 4109 anno
479 4046 571 4128 regni
586 4047 673 4127 regis
688 4045 823 4107 Henrioi
839 4047 920 4108 sexti
936 4048 1046 4109 101010.
1143 4101 1145 4105 .
1237 4064 1288 4098 so.
1303 4055 1373 4103 1426.

509 4257 518 4288 ¹
538 4254 634 4309 Month
646 4254 768 4307 omitted.
