2940 5048
686 317 961 369 manmit!

152 511 209 571 ,5:0-
255 508 313 569 pro
327 487 385 550 sal.
399 508 453 551 an.
468 502 560 551 met
576 509 663 551 omn.
678 502 783 549 antec.
798 498 831 548 et
846 487 913 548 her.
928 506 973 547 m.
986 506 1086 548 unam
1106 486 1276 549 dimidiam
1297 506 1402 549 acram

123 574 214 675 3⁰¹2,-
255 596 350 647 teme
375 606 414 647 ex
436 600 529 668 parte
551 583 701 646 orientali
727 583 769 645 de
794 582 922 645 Gladen
946 602 1041 665 snper
1063 583 1168 665 ripam
1190 583 1232 645 (le
1255 583 1347 666 'l'yne
1369 583 1402 644 in

120 2708 194 2773 xviij·

82 2774 233 2824 Lienoeror

80 2856 96 2888 a
109 2841 163 2889 rnill
173 2840 231 2888 «loro

82 2922 113 2954 on
126 2907 169 2955 the

82 2972 206 3023 Dervent.

80 3044 108 3087 to
120 3039 219 3087 Gilbert

80 3102 202 3168 Flemyng

81 3168 111 3217 01
120 3170 190 3217 Neu·-

81 3237 166 3285 cattle.

119 4430 186 4472 11111
187 4445 236 4489 pm..

255 681 396 762 quodam
411 682 481 744 loco
504 684 560 765 qui
575 694 709 743 rotatur
731 680 763 742 le
787 679 905 753 Sueto,
919 679 961 741 ad
983 678 1199 742 claudendum
1214 679 1266 743 vel
1280 686 1402 742 sartan-

255 778 334 839 dum
351 779 401 839 rel
416 779 457 841 ad
478 778 568 840 aliud
590 777 669 859 quid
693 776 916 852 ordinandum,
938 788 1032 859 prout
1052 775 1113 837 sibi
1135 774 1252 839 melius
1266 776 1403 839 viderint

255 875 414 957 expedire.
458 874 606 938 Concedo
634 886 666 936 et
697 874 817 935 eisdem
847 873 984 935 liberum
1009 874 1182 934 transitum
1210 878 1244 935 et
1269 874 1401 951 exitum,

256 971 416 1045 ridelicet,
429 971 470 1033 de
484 971 578 1032 bosco
592 971 732 1053 imorum
746 970 788 1030 de
809 968 993 1052 Cheppwell
1007 989 1065 1051 per
1083 969 1223 1031 mediam
1238 969 1349 1032 sillam
1361 969 1400 1032 de

255 1069 287 1129 le
302 1068 399 1149 Spcn,
414 1084 446 1129 et
462 1070 507 1130 sic
521 1067 574 1129 del
590 1068 676 1150 Spen
692 1087 749 1149 per
763 1067 905 1127 mediam
920 1065 1032 1127 villam
1045 1065 1087 1126 de
1102 1065 1354 1147 Wynelautonm
1368 1071 1401 1129 et

255 1168 300 1227 sic
322 1187 378 1247 per
398 1166 500 1227 altam
523 1167 609 1227 iiam
630 1185 730 1247 usque
751 1164 792 1226 ad
817 1165 915 1246 praed.
936 1163 981 1225 di.
1003 1184 1067 1225 acr.
1088 1171 1181 1226 terrae
1203 1165 1273 1226 sinc
1295 1164 1400 1247 aliquo

256 1264 478 1345 inpedimento
501 1264 565 1324 mei
580 1261 630 1322 rel
645 1260 746 1345 (aubi
760 1261 829 1322 her.
844 1282 889 1322 m.
904 1261 955 1322 rel
976 1259 1114 1342 alicujus
1135 1280 1192 1342 per
1209 1281 1280 1322 nos.
1323 1260 1401 1323 Ten.

256 1376 287 1421 et
305 1359 379 1419 hab.
395 1359 436 1419 de
450 1370 549 1421 meet
565 1358 634 1419 her.
650 1357 770 1418 msibi
792 1371 825 1419 et
850 1378 982 1419 siccem.
996 1359 1060 1417 suis
1074 1358 1107 1416 in
1123 1376 1194 1437 pur.
1209 1366 1244 1418 et
1258 1377 1347 1440 perp.
1362 1355 1401 1418 el.

256 1456 354 1520 libere
368 1457 477 1537 quiete
498 1467 531 1515 et
554 1454 687 1536 pacifice
709 1455 778 1515 sine
801 1456 891 1515 omni
913 1454 1045 1515 senicio
1064 1460 1096 1514 et
1121 1455 1294 1516 exaccione
1316 1453 1402 1515 sicud

255 1548 365 1632 aliqua
380 1550 422 1612 el.
436 1551 505 1613 dari
521 1557 625 1632 potest
642 1550 692 1610 rel
707 1549 849 1611 concedi.

322 1742 513 1824 Riginaldns
536 1742 577 1803 de
604 1740 776 1822 Kynelelh
799 1741 946 1803 salntem.
991 1740 1110 1803 Sciatis
1132 1761 1185 1803 me
1206 1761 1266 1824 pro
1279 1742 1336 1805 sal.
1351 1762 1401 1805 an.

256 1860 300 1901 m.
315 1850 346 1901 et
372 1839 494 1901 domini
509 1840 573 1900 mei
588 1837 724 1898 ll'alteri
742 1837 783 1899 de
805 1837 946 1898 Bollelse
967 1847 999 1898 et
1022 1857 1109 1899 omn.
1124 1838 1193 1899 her.
1207 1858 1253 1900 m.
1267 1858 1358 1901 conc.
1371 1842 1404 1900 et

256 1938 325 1999 hac.
341 1957 384 1999 m.
400 1946 488 1999 carta
502 1935 586 1998 conf.
602 1934 716 1995 Decet
735 1933 772 1995 B.
790 1935 836 1996 ll.
852 1942 884 1996 et
909 1955 972 1995 mo.
987 1933 1028 1995 de
1050 1935 1141 1996 Novo
1163 1934 1254 1998 Mon.
1268 1935 1404 1997 liberum

122 2010 196 2105 „rna
255 2034 437 2115 passagium
461 2040 493 2094 et
519 2032 678 2113 rivagium
705 2050 779 2091 cum
804 2031 878 2091 nari
902 2049 957 2091 stra
979 2031 1013 2091 in
1037 2034 1123 2091 terra
1147 2050 1222 2092 mea
1244 2031 1285 2092 de
1300 2030 1405 2094 Eden-

255 2138 366 2205 strcm,
380 2136 414 2190 et
429 2128 566 2190 liberum
581 2128 629 2187 ire
646 2136 678 2186 et
703 2126 806 2188 redire
830 2146 1023 2208 pernoram
1037 2126 1123 2187 viam
1147 2146 1246 2209 quarn
1268 2127 1405 2189 concessi

255 2227 301 2287 eis
316 2245 373 2307 per
387 2226 516 2285 boscum
531 2243 640 2284 meum
655 2242 757 2304 usque
777 2223 818 2284 ad
841 2242 993 2303 magnam
1008 2223 1096 2284 riam
1111 2243 1182 2305 quae
1197 2224 1287 2287 vadit
1302 2244 1405 2286 versus

255 2320 438 2383 Trokeslau.
484 2319 527 2380 Et
543 2320 569 2379 si
584 2318 714 2379 ferteri
729 2340 820 2401 aqua.2
834 2318 885 2380 rel
900 2320 989 2380 renti
1003 2338 1068 2380 non
1084 2327 1214 2400 possunt
1229 2319 1300 2382 loco
1314 2319 1405 2383 sclito

255 2416 428 2498 applicare,
450 2436 513 2477 non
538 2415 646 2475 iudea
661 2434 714 2476 me
738 2415 788 2476 vel
813 2416 894 2476 meis
916 2415 1117 2477 cambuntur.
1162 2414 1238 2477 Hiis
1260 2416 1405 2493 testibus,

256 2519 318 2575 etc.

324 2705 447 2783 Sciant,
462 2714 536 2781 etc„
547 2706 632 2788 quod
647 2706 694 2767 ita
709 2706 858 2767 convenit
875 2707 960 2767 inter
975 2705 1057 2768 Abb.
1069 2711 1103 2768 ct
1114 2726 1205 2768 conr.
1216 2706 1302 2769 Novi
1318 2706 1405 2769 Mon.

256 2823 294 2864 ex
306 2822 371 2863 una
380 2808 481 2883 parte,
493 2810 525 2863 et
539 2802 722 2864 Gilbertum
733 2801 903 2882 Flcmyng,
912 2800 1102 2884 burgensem
1112 2802 1196 2865 iillae
1207 2801 1406 2887 Norilssastri

256 2920 295 2960 ex
309 2898 421 2975 altera,
437 2898 597 2974 tidelicet,
607 2899 692 2979 quod
703 2898 848 2979 praedicti
858 2896 931 2959 abb.
943 2905 975 2959 et
986 2918 1075 2960 conr.
1086 2905 1308 2962 concesserunt
1321 2900 1407 2963 dicto

257 2995 406 3057 Gilberto
416 2995 526 3056 ether.
536 2996 600 3055 suis
612 2994 748 3055 liberam
759 2993 927 3055 licenciam
940 2993 1076 3056 faciendi
1086 2994 1248 3077 quoddam
1256 3002 1407 3079 stagnum

257 3113 296 3153 ex
317 3097 495 3152 transverso
517 3111 608 3171 aquae
630 3090 670 3151 de
686 3088 835 3151 Derwcnt
851 3089 892 3150 ad
908 3089 1079 3170 recipiend.
1095 3096 1130 3151 ct
1143 3090 1278 3153 ducend.
1291 3111 1407 3174 aquam

257 3190 297 3252 ad
321 3188 542 3250 molendinum
557 3186 700 3269 ejusdem
718 3185 857 3248 Gilbcrti
877 3185 973 3266 juxta
997 3185 1212 3266 Lyuscheford
1226 3208 1266 3249 ex
1276 3187 1408 3251 australi

257 3292 347 3368 parte
362 3305 453 3368 aquae
477 3284 649 3366 praedictae,
672 3287 705 3344 et
729 3280 814 3343 idem
839 3286 990 3362 stagnum
1011 3302 1051 3342 ex
1065 3281 1179 3344 boriali
1205 3290 1299 3365 parto
1318 3302 1407 3367 aquae

257 3384 297 3444 de
312 3382 462 3444 Derwent
473 3381 506 3441 in
522 3386 608 3441 terra
624 3377 783 3439 dictorum
798 3376 871 3438 abb.
888 3382 919 3438 et
937 3397 1025 3439 conr.
1042 3378 1171 3439 firmare
1185 3385 1220 3441 et
1234 3380 1323 3442 idern
1333 3398 1409 3463 quo-

256 3480 342 3540 ciens
357 3496 436 3558 cpus
451 3475 547 3536 fiterit
560 3493 706 3554 reparare
721 3474 755 3533 in
766 3477 959 3553 perpetuum
970 3474 1037 3535 sine
1052 3474 1162 3557 aliquo
1176 3476 1408 3557 inpedimento.

259 3574 303 3635 Et
324 3593 380 3655 pro
395 3572 455 3633 hac
479 3570 677 3631 concessione
692 3567 864 3649 praedictus
890 3566 1055 3630 Gilbertus
1081 3570 1183 3648 dedit,
1197 3572 1362 3648 concessit,
1375 3576 1410 3632 et

259 3689 316 3752 pro
330 3689 362 3729 se
378 3666 493 3728 ether.
508 3685 532 3725 s.
549 3665 631 3725 conf.
647 3663 744 3724 dictis
759 3662 832 3724 abb.
848 3668 883 3723 et
906 3682 996 3725 conv.
1013 3664 1182 3728 dimidiam
1197 3686 1340 3729 marcam
1354 3684 1410 3727 an·

258 3766 394 3840 unatim,
410 3761 647 3845 percipiendam
670 3760 704 3820 in
727 3765 919 3841 perpetuum
934 3759 974 3820 ad
990 3761 1068 3823 duos
1091 3763 1167 3823 anni
1182 3764 1348 3839 terminos,
1363 3762 1410 3823 vi-

259 3863 387 3935 delicet,
414 3860 620 3921 medietatem
644 3857 685 3919 ad
712 3856 932 3930 Pentecosten,
958 3862 992 3918 et
1020 3856 1117 3919 aliam
1136 3860 1345 3922 medietatem
1367 3858 1409 3922 cd

259 3962 377 4023 festum
394 3956 502 4020 Sancti
518 3955 655 4018 Martini
666 3955 700 4015 in
715 3953 840 4033 hyeme.
885 3953 930 4014 Et-
941 3954 982 4015 ad
992 3953 1183 4017 solucionem
1193 3957 1293 4038 praed.
1304 3956 1410 4020 reddi·

260 4066 312 4117 tus
328 4054 466 4117 fideliter
486 4054 519 4113 in
532 4057 723 4133 perpetuum
739 4049 929 4125 faciendam,
945 4050 1041 4130 praed.
1058 4050 1224 4114 Gilbertus
1239 4052 1364 4134 obligat
1378 4072 1411 4114 se

260 4158 294 4212 ct
316 4154 382 4212 her.
406 4169 476 4210 suos
502 4153 537 4209 et
562 4152 665 4209 totam
688 4152 805 4207 terram
828 4164 919 4205 suam
940 4144 980 4205 de
1005 4145 1189 4211 Frerrousid
1215 4148 1311 4211 simul
1336 4166 1412 4210 cum

261 4248 357 4330 praed.
384 4245 566 4306 molendino
581 4262 637 4305 suo
661 4243 695 4304 in
720 4261 982 4324 quorumcunque
997 4262 1111 4304 manus
1137 4243 1327 4307 devenerint
1348 4244 1413 4307 dis·

261 4343 407 4405 triccicni
422 4341 495 4402 abb.
519 4346 553 4401 et
575 4359 664 4401 conv.
681 4338 830 4420 quociens
854 4338 1025 4418 praedictus
1048 4339 1191 4401 redditus
1213 4341 1307 4402 terris
1330 4360 1413 4424 prte-

261 4437 434 4500 ncminatis
449 4436 637 4497 remanserit
652 4452 716 4495 non
732 4432 863 4494 solutus.
909 4431 954 4494 Et
968 4432 1011 4494 ad
1026 4433 1094 4496 haec
1109 4436 1229 4513 omnia,
1244 4442 1307 4498 etc.
