2940 5048
445 338 493 393 nn
517 339 612 394 novo
638 341 875 397 uonsssasro.
1338 319 1413 395 205

76 503 257 584 strattone,
272 511 308 571 ct
322 507 411 572 inter
428 514 550 573 terram
564 509 725 574 Jobannis
745 512 786 575 de
800 511 968 590 Akedone,
983 517 1018 576 et
1033 513 1176 578 Gilberti
1193 513 1234 576 de
1259 525 1406 584 egicanem

79 602 165 665 Aula
191 603 232 667 de
255 603 456 683 Botlestona,
481 607 632 689 praedicti
657 607 757 671 abbas
780 612 814 671 et
840 628 933 672 conv.
956 630 995 672 ex
1018 629 1176 673 consensu
1201 613 1236 672 et
1260 585 1414 703 thffihoss

79 698 250 763 voluntate
271 699 435 765 dictorum
457 703 480 767 J
481 703 617 766 ohannis
639 709 674 767 et
689 703 832 768 Gilberti
847 704 920 768 fieri
935 705 1081 769 fecerunt
1096 705 1235 789 quodam
1259 719 1310 769 and
1322 717 1393 768 ailb.

78 795 238 858 fossatum
252 796 294 860 da
307 797 399 861 fonte
413 797 527 863 Sancti
541 799 689 878 Andreae‚
704 800 789 863 sicut
802 799 996 864 Smalburne
1015 801 1183 865 descendit
1198 802 1233 864 in
1258 785 1291 836 ‘¹⁰
1302 784 1379 836 Μ

79 889 331 974 Buckleybnrne
344 914 446 977 usqne
460 896 503 959 ad
518 896 637 960 vadum
652 896 738 979 quod
752 901 885 959 vocatur
900 897 1139 981 Alnewykford.
1180 898 1235 961 Ita

81 987 168 1069 quod
189 1007 303 1051 omnes
323 989 436 1072 placita
458 1012 499 1054 ex
520 992 654 1055 australi
678 997 770 1075 parte
792 992 938 1075 ejusdem
951 994 1061 1057 fossati
1077 1015 1149 1077 quae
1164 994 1233 1057 firc-

81 1087 159 1145 nmt
173 1083 335 1148 dictorum
358 1086 515 1151 Johanuis
540 1093 575 1152 et
599 1088 741 1152 Gilberti
764 1095 954 1152 remaneant
976 1091 1074 1173 praed.
1101 1091 1174 1154 abb.
1199 1095 1236 1154 et

81 1199 175 1243 conr.
200 1185 237 1243 et
260 1201 374 1245 corum
402 1184 631 1248 successoribus
660 1186 696 1248 in
726 1190 920 1268 perpetuum
948 1188 1147 1250 escambium
1176 1208 1234 1270 pro

82 1275 236 1340 omnibus
259 1277 373 1360 placiis
397 1300 471 1363 quae
492 1281 624 1344 suerum
650 1280 812 1344 dictorum
835 1282 963 1346 abbatis
986 1289 1022 1346 et
1047 1304 1139 1348 conv.
1155 1304 1235 1366 quas

83 1374 166 1437 dicti
177 1373 382 1439 Johanneset
391 1375 557 1441 Gilbertus
566 1377 677 1441 ether.
694 1379 744 1441 sui
759 1379 973 1462 possidebunt
983 1380 1235 1463 imperpetuum.

83 1469 130 1532 Et
159 1475 268 1552 pmtes
283 1491 395 1536 omnes
407 1472 535 1556 placeas
552 1494 593 1536 ex
612 1474 715 1537 altera
731 1479 825 1557 parte
850 1495 923 1558 quae
949 1474 1012 1538 sibi
1032 1496 1090 1558 per
1113 1496 1238 1538 escam-

84 1564 178 1628 bium
191 1566 389 1645 acciderrmt,
403 1569 466 1632 sibi
480 1569 623 1633 invicem
637 1570 878 1653 imperpetuum
892 1571 1156 1636 warantizabunt.
1195 1572 1236 1634 In

83 1661 178 1745 cnjus
193 1663 239 1725 rei
254 1664 477 1728 testimonium
491 1667 642 1748 prasenti
661 1667 782 1748 scripto
797 1665 1001 1749 cirograffato
1016 1672 1123 1750 partes
1138 1667 1237 1731 alter·

85 1759 192 1822 natim
205 1759 315 1843 sigilla
329 1780 385 1823 sira
399 1767 625 1845 apposuenmt.
669 1762 745 1825 Hiis
759 1760 906 1838 testibus,
922 1767 984 1826 etc.

151 1951 278 2015 Notum
300 1952 346 2016 sit
367 1955 518 2019 omnibus
543 1959 613 2019 tam
636 1955 756 2019 futuris
781 1976 880 2039 quam
905 1956 1127 2038 presentibus,
1151 1956 1282 2072 quodT
1314 1964 1360 2035 'Y'
1423 1965 1428 1974 ⁸

84 2049 303 2113 controversia
325 2070 396 2133 quae
414 2051 601 2114 vertebatur
620 2072 717 2134 super
730 2052 902 2134 grangiam
916 2051 956 2113 de
971 2050 1138 2115 Strettona
1151 2052 1237 2114 inter
1260 2036 1413 2138 ffiffl

87 2144 255 2210 alathiam
271 2144 359 2208 Novi
378 2146 468 2210 Mon.
491 2151 527 2210 et
540 2146 708 2210 abathiam
730 2148 770 2211 de
787 2145 951 2230 Alnewyk,
978 2167 1133 2209 consensu
1153 2148 1237 2210 utri·
1259 2152 1378 2232 niudis

88 2261 189 2324 usquc
202 2241 339 2324 capituli
353 2241 413 2305 tali
428 2243 578 2307 caucione
592 2245 698 2326 sopita
719 2249 768 2306 est
791 2248 825 2305 et
847 2244 1032 2307 terminata.
1078 2242 1237 2306 Similiter
1259 2219 1406 2336 ffiffi

88 2345 124 2403 et
138 2338 198 2401 illa
212 2358 283 2421 quae
298 2343 389 2402 mota
403 2345 473 2404 erat
488 2340 528 2402 de
546 2339 649 2403 salina
664 2340 705 2402 de
719 2339 923 2402 Werkeword
938 2340 1089 2403 adversus
1103 2340 1236 2404 domum
1259 2350 1413 2401 ofslnwick

89 2436 131 2500 de
141 2432 346 2498 Werkeword
357 2436 479 2499 ordinis
488 2436 803 2500 Praemonstrateusis
818 2435 852 2518 (l
861 2439 936 2518 lta)
951 2436 1028 2499 data
1043 2457 1117 2499 cnm
1132 2436 1237 2498 omni·
1260 2416 1412 2534 ”fflffl‘

89 2531 150 2595 bus
162 2529 238 2594 aliis
252 2530 389 2613 querelis
404 2536 479 2595 aute
494 2533 577 2595 bauo
592 2533 778 2615 paccionem
793 2533 923 2615 utrique
934 2534 1064 2609 exortis,
1074 2532 1142 2595 scil.
1152 2532 1237 2615 quod
1260 2499 1299 2533 '⁰

89 2626 270 2691 communis
283 2626 342 2689 illa
357 2629 548 2710 composicio
561 2648 633 2711 quae
649 2629 772 2691 dudum
793 2629 881 2691 facta
896 2634 945 2691 est
960 2629 1047 2692 inter
1061 2633 1236 2711 utrumque

88 2723 250 2801 ordinem,
260 2721 551 2787 Oisterciensemet
561 2723 913 2800 Praemonstratensem,
925 2725 1010 2787 inter
1025 2726 1123 2807 praed.
1139 2725 1239 2787 abba-

89 2821 177 2883 tbias
191 2818 232 2883 de
246 2825 362 2884 caetero
377 2820 418 2883 ad
433 2821 598 2903 integrum
613 2819 734 2903 ubique
753 2825 913 2884 teneatur.
958 2822 1072 2884 Adhuc
1087 2821 1237 2883 monachi

91 2915 178 2980 Novi
207 2915 297 2980 Mon.
327 2916 471 3000 praeiatis
499 2917 661 2980 canonicis
690 2918 885 2981 auctoritate
913 2918 1073 3000 generalis
1102 2917 1238 3000 capituli

92 3014 261 3096 utriusque
283 3012 405 3076 ordinis
431 3013 519 3096 pacti
543 3016 620 3075 sunt
650 3014 734 3095 quod
764 3034 830 3075 non
859 3014 1022 3095 accipient
1050 3018 1151 3075 terras
1179 3032 1239 3075 nec

92 3113 238 3193 pasturas
259 3108 294 3171 in
316 3108 413 3172 leudo
426 3109 586 3173 Willelmi
608 3109 648 3172 de
673 3109 777 3191 Vescy
799 3108 851 3170 vel
874 3108 1033 3170 Willelmi
1056 3109 1163 3189 Tysun
1187 3105 1239 3171 vel

91 3204 287 3287 ubicumque
308 3205 436 3287 praeiati
458 3205 606 3269 canonici
627 3204 750 3267 habent
764 3203 929 3287 parochias
944 3223 1027 3280 suas,
1043 3204 1093 3266 vel
1108 3202 1238 3284 aliquod

93 3291 276 3381 commune,
298 3306 434 3383 excepta
462 3302 598 3385 grangia
627 3300 685 3363 illa
715 3321 813 3382 quam
837 3297 927 3361 Will.
958 3298 998 3360 dc
1028 3298 1131 3381 Vescy
1161 3299 1239 3381 ipsis

92 3397 259 3461 monacbis
272 3396 382 3472 debet,
397 3417 495 3479 quam
509 3404 619 3459 tamen
634 3417 699 3460 nou
714 3396 871 3478 recipient
885 3394 970 3457 infra
985 3401 1087 3457 metas
1110 3392 1240 3456 canoni-

93 3514 203 3558 corum
218 3495 305 3557 inter
319 3493 447 3557 ordines
461 3499 657 3570 consecutas,
672 3493 740 3555 sive
756 3493 790 3553 in
813 3491 980 3574 parochias
1001 3511 1085 3568 suas,
1101 3492 1168 3554 sive
1183 3490 1238 3553 ubi

93 3590 235 3655 decimas
249 3590 301 3652 vel
314 3608 485 3652 commune
499 3589 630 3652 babent.
675 3588 834 3652 Similiter
855 3587 917 3670 ipsi
938 3587 1082 3649 canonici
1099 3586 1241 3668 praefatis

93 3686 388 3750 monachiseadem
411 3686 688 3767 auctoritateque
713 3705 819 3768 supra,
845 3684 934 3766 pacti
962 3691 1037 3746 sunt
1062 3683 1149 3764 quod
1175 3701 1240 3743 non

94 3783 256 3865 accipient
284 3786 385 3844 terras
413 3782 482 3844 siva
511 3788 658 3864 pasturas
680 3781 764 3843 infra
787 3785 890 3844 metas
914 3779 1035 3842 ordinis
1060 3780 1145 3841 circa
1171 3778 1241 3840 loca

94 3879 322 3962 praedictorum
345 3878 585 3953 monachorum,
606 3877 657 3940 vel
684 3878 742 3940 ubi
765 3875 897 3959 aliquod
923 3896 1094 3939 commune
1110 3875 1241 3950 habent,

93 3977 141 4038 sic
159 3979 270 4038 tamen
294 3980 333 4038 ut
355 3974 463 4038 nullus
488 3974 758 4056 impedimentum
785 3972 868 4036 ferat
893 3972 1057 4054 praedictis
1081 3972 1241 4034 canonicis

95 4070 235 4134 affinitas
248 4071 394 4155 grangiae
411 4069 452 4132 de
467 4068 646 4146 Strettona,
662 4067 789 4151 quando
803 4069 956 4150 grangias
971 4087 1045 4129 suas
1065 4072 1099 4129 et
1113 4067 1182 4130 loca
1205 4068 1241 4129 in

95 4169 188 4232 terris
202 4175 238 4231 et
251 4168 390 4251 pasturis
405 4165 601 4248 accipiendis
616 4166 700 4227 circa
715 4166 819 4246 ipsam
834 4165 1005 4245 grangiam
1020 4164 1061 4226 de
1075 4163 1241 4228 Strettone

95 4270 236 4348 augeant
250 4265 284 4326 in
297 4264 402 4327 feudis
413 4263 536 4325 eisdem
548 4261 691 4344 grangiae
704 4265 738 4322 et
753 4259 832 4321 locis
844 4260 1021 4341 pertinent.
1056 4260 1128 4322 Hac
1140 4262 1241 4323 etiam

94 4361 167 4445 lege
181 4380 246 4423 non
261 4359 458 4422 tenebuntur
469 4358 616 4440 praedicti
631 4356 777 4418 canonici
788 4356 917 4436 quando
928 4354 1077 4418 ccclesias
1093 4362 1127 4419 et
1142 4362 1243 4419 terras

97 4457 220 4521 eisdem
232 4456 374 4520 ecclesiis
390 4457 587 4539 pertinentes
603 4453 764 4534 accipiant
778 4451 862 4514 inira
877 4456 980 4516 metas
995 4454 1245 4535 praenominatas
