2940 5048
439 340 486 395 nn
510 340 606 395 NOVO
632 340 869 395 nonssrnme

56 508 123 574 her.
137 528 193 574 m.
209 509 250 574 in
267 510 328 575 lib.
344 530 416 593 pur.
432 515 467 573 et
480 530 570 594 perp.
585 510 626 574 el.
636 513 672 573 in
682 510 886 593 perpetuum.
920 510 999 572 Ten.
1015 515 1049 572 et
1061 509 1135 572 hab.
1150 510 1230 572 edeo
1319 550 1322 562 ·

59 607 115 669 lib.
131 611 171 669 et
187 608 264 690 qui.
280 605 374 670 sicud
388 607 426 669 in
439 607 656 670 (0111000100.
672 627 771 669 meor.
788 612 823 668 et
837 606 934 688 praed.
951 604 1230 669 8111111100οΜ0-

64 701 128 765 nik
142 701 231 766 eisd.
247 722 315 766 mo.
331 721 427 785 super
440 701 505 765 hiis
519 703 674 765 confectis
690 702 818 785 plenius
832 702 1026 764 continetur.
1072 701 1232 764 Praetereo

68 797 143 861 dedi
151 802 189 861 et
200 797 329 877 remisi,
337 796 479 860 relaxavi
488 802 523 860 et
533 799 659 880 quietas
668 797 856 878 clamavi-de
867 817 920 858 me
932 801 966 859 et
976 797 1043 858 her.
1054 817 1098 858 m.
1106 797 1141 858 in
1157 817 1233 878 per-

71 900 211 977 potuum
226 915 249 957 x
264 898 300 957 et
314 893 373 977 viij
391 913 513 957 marcas
527 895 666 977 argenti,
675 913 753 975 quas
767 893 914 975 praedicti
929 893 1077 955 monaehi
1087 897 1231 955 anteces-

75 990 199 1053 soribus
214 991 299 1053 meis
314 991 446 1053 etmihi
461 1009 520 1072 pro
535 990 697 1072 praedictis
712 990 806 1051 terris
822 990 989 1051 annuatim
1006 988 1127 1050 solvere
1151 990 1229 1052 sole-

77 1088 168 1150 bant.
204 1087 260 1149 lta
273 1092 385 1149 tamen
401 1086 486 1169 quod
500 1106 560 1149 nec
571 1106 631 1169 ego
646 1105 705 1147 nec
720 1084 837 1166 aliquis
852 1085 919 1147 her.
934 1105 1032 1146 mcor.
1048 1085 1100 1146 vel
1113 1085 1231 1167 aliquis

77 1182 161 1249 alius
184 1182 318 1245 nomine
341 1182 395 1244 vel
414 1182 490 1265 jure
515 1188 625 1245 nostro
648 1181 773 1263 aliquid
792 1180 877 1262 juris
891 1181 943 1242 vel
959 1181 1069 1243 clamii
1081 1182 1117 1242 in
1131 1183 1229 1262 praed.

77 1284 154 1343 terr.
179 1278 233 1342 vel
255 1278 335 1341 locis
357 1277 411 1340 vel
425 1279 461 1340 10
476 1277 566 1362 prrei'.
581 1298 689 1341 annuo
703 1277 835 1340 redditu
849 1277 889 1339 de
904 1282 1018 1340 caetero
1034 1278 1159 1359 exigere
1174 1296 1233 1359 po·

78 1376 214 1439 terimus
224 1373 277 1437 vel
288 1374 457 1437 vendicare
471 1376 508 1436 in
523 1378 726 1457 perpetuum.
755 1374 800 1435 Et
808 1393 868 1454 ego
885 1373 991 1435 dictus
1007 1373 1047 1436 G.
1058 1378 1092 1434 et
1102 1373 1170 1434 her.
1186 1393 1230 1435 m.

79 1472 177 1554 pmd.
200 1471 402 1549 donaciones,
427 1471 653 1547 concessiones,
676 1469 945 1546 confirmaciones,
960 1469 1182 1544 relaxsoiones,
1198 1475 1232 1531 et

80 1570 224 1652 quietam
239 1570 468 1632 clemacionem
488 1568 636 1650 praedicti
660 1567 815 1641 reddituri,
829 1572 863 1628 et
883 1569 991 1629 omnio
1006 1568 1231 1648 suprascripta,

80 1665 179 1748 praed.
201 1685 265 1727 mo.
291 1667 327 1726 in
350 1685 423 1748 pur.
449 1668 484 1727 et
509 1684 598 1747 perp.
620 1663 661 1725 01.
676 1683 749 1725 war.
766 1669 877 1724 contre
891 1683 1010 1739 omnes,
1026 1684 1094 1744 aeq.
1111 1668 1144 1724 et
1168 1663 1231 1725 def.

80 1762 116 1823 in
130 1765 332 1845 perpetuum.

525 2059 789 2127 LYYHEDUN.

146 2250 242 2336 (430)
256 2249 397 2315 Jaoobus
411 2250 453 2313 de
466 2249 561 2314 Calce
576 2256 611 2313 et
626 2251 730 2313 Alicia
741 2271 820 2312 uxor
836 2250 917 2332 ejus,
930 2251 1077 2314 salutem.
1114 2250 1231 2314 Sciatis
1317 2259 1343 2328 j.

79 2368 139 2410 nos
153 2348 226 2411 ded.
241 2368 330 2411 conc.
342 2352 378 2410 et
390 2348 420 2410 h.
431 2367 462 2430 p.
478 2368 506 2409 c.
516 2367 549 2411 n.
565 2348 648 2409 conf.
664 2347 732 2409 Deo
747 2350 782 2409 et
795 2365 859 2408 mo.
876 2347 952 2408 0001.
969 2346 1001 2410 S.
1019 2348 1066 2408 M.
1082 2348 1122 2409 de
1137 2346 1229 2409 Novo
1253 2328 1376 2444 quqnitnof

80 2444 173 2507 Mon.
197 2443 238 2507 sd
258 2444 531 2506 stutentacionem
554 2463 731 2525 pauperum
749 2442 870 2506 Christi
895 2443 936 2504 ad
952 2449 1077 2525 portam
1100 2464 1158 2526 pro
1173 2443 1229 2505 sal.
1254 2459 1386 2518 menedon,

80 2560 133 2604 an.
142 2544 391 2603 nostranantec.
400 2542 434 2602 et
445 2541 513 2603 her.
523 2545 656 2601 nostror.
666 2539 745 2600 dues
760 2538 892 2600 bovatas
907 2543 1000 2602 terrae
1015 2560 1089 2603 cum
1099 2541 1181 2603 tofto
1197 2545 1231 2603 et
1254 2527 1288 2640 ἓξ
1297 2526 1407 2641 mm

79 2635 196 2714 crofto,
211 2656 288 2719 quas
302 2635 324 2698 J
326 2635 465 2697 ohannes
480 2635 565 2696 filius
579 2635 720 2697 Julianae
738 2634 778 2696 de
793 2633 932 2716 Rothely
943 2636 1104 2717 quondam
1123 2640 1231 2700 tenuit
1254 2628 1410 2706 forreliof'of

79 2733 117 2794 in
141 2731 220 2795 villa
242 2731 283 2794 de
306 2731 491 2825 Lythedun,
505 2735 539 2792 et
547 2730 618 2813 xiiij
636 2750 723 2792 acras
737 2734 772 2791 et
787 2729 822 2811 iij
841 2730 933 2792 rodas
947 2741 1041 2794 terrae
1055 2738 1172 2795 nostrae
1196 2735 1231 2796 in
1254 2723 1300 2839 {2⁰
1310 2738 1370 2837 9051
1381 2728 1409 2771 ¹²²

79 2827 196 2890 eadem
211 2827 291 2890 villa
315 2827 356 2889 de
379 2827 551 2909 Lythedun
575 2847 649 2887 cum
673 2826 882 2907 pertinenciis
897 2826 971 2901 suis,
987 2827 1120 2905 scilicet,
1136 2829 1232 2891 illum
1286 2805 1374 2854 ψ’

80 2923 205 2986 toftum
228 2927 263 2985 et
281 2921 420 2985 croftum
436 2943 507 3005 quae
525 2921 689 2984 Hutredus
707 2920 747 2984 de
762 2919 895 3002 Trewyh
918 2924 1026 2985 tenuit
1043 2924 1127 3005 apud
1144 2924 1234 2987 Mus·

81 3019 164 3098 well,
178 3039 254 3081 cum
264 3022 337 3081 tots
347 3022 432 3081 terra
442 3022 552 3079 nostra
562 3022 596 3078 et
606 3021 699 3098 prato
714 3017 754 3078 ad
766 3015 871 3098 capud
882 3016 1024 3098 ejusdem
1036 3021 1131 3081 crofti
1142 3042 1234 3102 super

81 3115 214 3192 Crukes,
228 3118 263 3177 et
288 3114 324 3175 in
350 3133 462 3195 eampo
480 3111 672 3176 occidentali
690 3116 775 3174 totas
790 3111 862 3173 illas
876 3112 956 3173 duas
978 3112 1078 3174 mikel
1093 3115 1179 3176 deles
1201 3122 1236 3179 et

81 3209 264 3275 1010011100
289 3208 368 3271 duas
382 3208 444 3270 fair
469 3207 568 3285 deles,
594 3226 673 3287 quas
699 3206 882 3289 Syuusrdus
913 3212 947 3269 et
969 3207 1127 3271 Robertus
1149 3211 1235 3273 filius

82 3305 240 3389 Stephani
266 3307 450 3379 tenuenmt,
473 3323 548 3365 cum
570 3307 641 3365 1010
666 3306 759 3385 prato
775 3304 810 3363 in
836 3308 1015 3365 transverso
1041 3305 1180 3383 marisci,
1202 3312 1236 3368 et

81 3406 187 3465 totam
201 3399 376 3462 Thimdale
386 3398 523 3461 Roberti
537 3419 611 3460 cum
626 3404 729 3480 prato,
738 3402 772 3460 et
786 3403 889 3460 totam
901 3397 1067 3460 Halledole
1077 3399 1236 3481 Syuuerdi

81 3518 156 3560 cum
170 3502 275 3580 prato,
290 3499 324 3557 et
339 3496 374 3556 in
389 3515 502 3576 campo
518 3494 668 3556 orientali
684 3499 768 3556 10100
788 3494 860 3555 11100
882 3494 961 3555 duas
977 3494 1238 3560 Horthawedales

81 3613 161 3676 quas
175 3591 324 3676 prredicti
338 3590 484 3653 homines
498 3595 684 3665 tenuerunt,
699 3594 733 3651 et
748 3589 771 3671 ij
792 3589 878 3651 dales
896 3595 982 3652 totos
1002 3592 1037 3653 in
1054 3592 1237 3657 Prestesflot

82 3709 161 3771 quas
175 3687 316 3750 Thomas
338 3686 379 3748 de
394 3684 499 3748 Clenil
522 3686 632 3748 tenuit
656 3685 898 3767 propinquiores
923 3686 1024 3748 mikel
1039 3688 1111 3750 dale
1127 3709 1237 3752 mona·

82 3785 226 3861 chorum,
241 3802 316 3844 cum
331 3781 481 3844 omnibus
495 3781 706 3862 pertinenciis
721 3781 796 3854 suis,
811 3784 879 3840 tam
896 3781 930 3841 in
946 3785 1073 3844 essartis
1089 3805 1186 3865 quam
1202 3787 1237 3848 in

84 3881 157 3947 aliis
171 3879 278 3955 rebus,
292 3877 412 3959 ubique
428 3876 512 3938 infra
527 3875 640 3938 villam
655 3877 695 3937 (10
707 3876 880 3959 Lythedun
891 3881 924 3937 et
937 3882 1037 3954 extra,
1050 3881 1118 3940 eine
1129 3881 1238 3962 aliquo

84 3979 313 4049 retenemento,
329 3994 403 4035 cum
418 3973 581 4034 communi
596 3976 727 4053 pastura
741 3977 775 4033 et
790 3971 938 4033 omnibus
953 3971 1026 4034 aliis
1041 3975 1238 4059 0010000110,

84 4072 120 4133 10
143 4070 249 4144 bosco,
265 4070 300 4130 in
323 4067 430 4149 plano,
446 4066 481 4128 in
499 4068 598 4129 meris
613 4071 648 4128 et
663 4067 811 4129 marescis
826 4071 860 4127 et
874 4067 966 4147 equis
981 4069 1049 4131 sine
1062 4068 1171 4152 aliqua
1184 4093 1240 4134 ex-

84 4167 238 4250 cepeione
262 4165 304 4227 ed
327 4169 455 4226 tantam
479 4168 599 4224 terram
628 4163 662 4223 in
687 4162 765 4223 villa
780 4161 821 4223 (10
847 4162 1016 4242 Lythedun
1045 4168 1238 4247 pertinente.

50 4314 60 4331 .
83 4261 226 4325 Tenend.
247 4266 282 4322 et
299 4259 437 4322 habend.
459 4259 556 4341 praed.
572 4277 635 4320 mo.
651 4262 685 4320 et
700 4260 764 4320 suis
779 4259 949 4340 assignetis
963 4259 1004 4321 de
1018 4261 1109 4324 nobis
1124 4269 1157 4327 et
1172 4265 1239 4328 her.

83 4379 117 4420 n.
133 4359 168 4419 in
182 4356 242 4419 lib.
255 4376 328 4439 pur.
339 4360 373 4418 et
385 4375 473 4437 perp.
484 4354 525 4417 el.
541 4353 652 4431 libere,
666 4354 850 4430 honorifice,
866 4354 1002 4437 integre,
1017 4363 1051 4420 et
1066 4361 1175 4440 quiete
1198 4363 1240 4423 ab

84 4455 173 4519 omni
188 4452 324 4517 servicio
346 4451 576 4515 consuetudine
598 4451 767 4513 exaccione
782 4455 815 4513 et
836 4450 1005 4531 demanda,
1020 4460 1053 4517 et
1073 4476 1093 4517 a
1107 4459 1240 4520 servicio
