2940 5048
415 338 463 391 Da
488 338 583 390 Novo
609 338 844 391 uolenamo.

47 505 125 588 jure
141 511 176 569 et
190 505 291 568 titulo
306 506 506 569 fundaciouis
520 508 648 569 racione
669 512 904 570 antecessorum
928 526 1081 582 meorum,
1098 528 1201 591 quan·

24 627 28 632 ·
52 602 130 664 dnm
145 607 269 664 vastam
284 602 440 684 capellam
463 603 624 685 quondam
646 608 792 665 vocatam
813 603 969 684 capellam
984 602 1096 665 Sancti
1118 605 1201 667 Leo·

53 699 146 760 nardi
158 697 254 781 juxta
269 698 450 780 Myttfurth
464 699 499 759 in
514 699 625 760 eodem
650 700 819 774 comitatu,
835 697 930 759 simul
952 718 1027 760 cum
1051 700 1200 762 omnibus

53 794 149 855 terris
173 799 208 855 et
226 795 431 869 tenementis,
450 793 648 870 redditubus,
664 795 815 868 serviciis,
833 794 971 876 juribus,
986 795 1199 872 libertatibus,

55 893 89 950 et
111 889 320 964 aisiamenta,
344 909 418 958 cum
441 889 588 951 omnibus
612 890 676 950 suis
700 890 906 971 pertinenciis
936 889 1039 951 eidem
1069 892 1201 974 capellae

55 984 277 1066 adjacentibus
293 986 360 1047 sive
375 985 606 1067 spectantibus,
623 989 691 1047 tam
706 987 838 1048 inclusis
853 1006 950 1067 quam
966 986 1112 1063 exclusis,
1129 1005 1201 1071 quae

57 1081 189 1162 quidem
205 1081 327 1163 capella
342 1082 503 1163 quondam
525 1078 645 1166 (141b)
661 1082 819 1144 aedificata
835 1082 898 1142 fuit
917 1102 975 1163 per
995 1083 1095 1146 dictos
1110 1089 1202 1146 ante·

56 1195 192 1238 cessores
216 1198 314 1253 meos,
341 1177 437 1238 simul
461 1197 534 1238 cum
557 1177 655 1258 praed.
678 1179 772 1239 terris
802 1182 836 1239 et
858 1179 1052 1239 tenementis
1081 1179 1201 1241 eisdem

56 1271 278 1352 adjacentibus
293 1294 331 1334 ex
346 1293 456 1334 eorum
471 1272 642 1334 devocione
657 1277 692 1334 et
707 1274 747 1336 ad
763 1293 873 1335 eorum
889 1274 1070 1335 voluntates
1086 1279 1120 1336 et
1134 1275 1201 1336 mei

55 1371 90 1428 et
105 1387 208 1448 nuper
224 1369 378 1430 consortis
393 1388 473 1430 meae
488 1369 564 1430 data
580 1367 644 1430 fuit
658 1373 693 1430 et
707 1370 830 1431 existit.
868 1368 1013 1430 Habend.
1027 1370 1154 1432 tenend.
1167 1375 1201 1432 et

58 1462 242 1543 possidend.
270 1464 369 1544 praed.
389 1463 523 1544 capella,
552 1469 630 1526 terr.
662 1469 696 1525 et
718 1469 893 1527 tenement.
916 1465 1059 1526 redditus
1083 1471 1116 1527 et
1139 1485 1202 1527 ser-

57 1557 150 1633 vicia,
166 1578 240 1619 cum
253 1558 400 1620 omnibus
410 1557 548 1639 juribus,
558 1558 665 1620 libert.
680 1564 714 1620 et
723 1560 833 1620 asiam.
845 1559 1019 1640 predictis,
1031 1580 1104 1621 cum
1113 1580 1200 1622 omn.

56 1657 92 1714 et
115 1654 199 1737 sing.
215 1655 278 1714 suis
301 1654 507 1736 pertinenciis
530 1654 654 1736 praefat.
678 1655 788 1717 abbati
812 1659 847 1716 et
871 1655 1043 1716 conventui
1069 1675 1106 1717 ac
1133 1676 1203 1718 suc-

56 1749 232 1811 cessoribus
247 1749 322 1825 suis,
337 1750 393 1812 lib.
411 1751 478 1832 qui.
493 1749 586 1827 bene,
600 1755 635 1812 et
650 1751 684 1812 in
700 1770 778 1832 pace
788 1751 828 1812 de
840 1770 892 1812 me
904 1756 938 1812 et
949 1750 1017 1813 her.
1028 1772 1072 1812 m.
1085 1752 1203 1833 imper-

55 1848 202 1926 petuum,
226 1845 261 1906 in
276 1842 334 1907 lib.
349 1865 420 1927 pur.
436 1851 471 1907 et
493 1865 580 1927 perp.
596 1845 638 1907 el.
654 1846 696 1907 ad
713 1846 822 1908 divina
847 1847 881 1906 in
896 1848 993 1928 praed.
1010 1849 1203 1909 monasterio

57 1938 185 2000 meliori
201 1940 296 2002 modo
312 1960 369 2021 pro
384 1960 436 2001 me
451 1946 485 2003 et
500 1961 602 2023 nuper
617 1945 760 2003 consorte
769 1962 840 2003 mea
855 1963 893 2004 ac
909 1949 1012 2005 antec.
1025 1948 1059 2005 et
1074 1943 1141 2005 her.
1157 1963 1202 2005 m.

56 2033 258 2109 celebranda,
273 2040 307 2096 et
322 2055 396 2097 cum
405 2035 446 2098 ab
460 2035 522 2097 hac
536 2036 607 2098 luce
623 2037 813 2119 migravero,
828 2034 933 2121 (tam)
948 2038 1000 2099 die
1015 2038 1123 2101 obitus
1137 2041 1203 2101 mei

56 2129 184 2211 praefati
210 2130 353 2206 Thomae‚
380 2150 477 2213 quam
500 2131 553 2194 die
577 2132 684 2194 obitus
710 2133 806 2194 dictae
820 2152 923 2214 nuper
947 2135 1098 2196 consortis
1122 2154 1202 2197 meae

55 2223 189 2306 plenum
214 2226 385 2288 servicium
407 2225 644 2303 celebrandum,
660 2231 692 2288 et
715 2227 800 2309 quod
824 2230 1040 2310 unusquisque
1059 2230 1202 2292 sacerdos

54 2319 231 2382 celebrabit
245 2341 344 2383 unam
359 2322 499 2398 missam,
516 2328 552 2385 et
576 2324 795 2405 unusquisque
809 2343 873 2385 non
899 2324 1041 2386 sacerdos
1057 2324 1201 2406 ejusdem

56 2421 232 2478 conventus
246 2436 347 2479 unum
361 2418 555 2498 psalterium
570 2418 756 2480 Daviticum
776 2419 957 2500 persolvent
972 2416 1054 2504 (aab)
1071 2440 1129 2502 pro
1144 2420 1201 2483 sal.

56 2531 109 2574 an.
125 2517 224 2574 nostr.
249 2533 286 2574 ac
302 2519 407 2575 antec.
424 2518 459 2576 et
479 2515 547 2575 her.
562 2518 754 2575 nostrorum.
800 2515 849 2575 Ex
872 2534 932 2598 ego
952 2516 1104 2596 praefatus
1118 2516 1203 2578 Tho·

55 2626 126 2669 mas
149 2607 291 2684 Burrovv,
305 2609 453 2670 dominus
476 2610 516 2671 de
541 2608 762 2691 Ganesburgh,
784 2614 818 2672 et
841 2610 907 2672 ber.
924 2613 987 2674 mei
1014 2612 1201 2694 praedictam

55 2702 213 2785 capellam
222 2709 296 2767 terr.
310 2709 344 2766 et
353 2708 530 2766 tenement.
541 2705 687 2767 redditus
695 2710 729 2765 et
741 2706 873 2768 servicia
884 2728 959 2768 cum
971 2727 1055 2769 omn.
1062 2707 1200 2789 juribus,

53 2798 112 2862 lib.
127 2803 162 2861 et
176 2800 300 2860 aisiam.
323 2799 375 2883 (et
394 2800 460 2862 suis
480 2801 688 2882 pertinenciis
706 2798 836 2884 crased)
856 2804 1019 2884 praedictis
1041 2823 1114 2863 cum
1135 2804 1199 2864 suis

54 2895 262 2976 pertinenciis
277 2894 419 2976 praefatis
441 2895 553 2958 abbati
575 2900 610 2958 et
625 2896 794 2957 conventui
810 2901 844 2958 et
859 2917 990 2959 success.
1007 2918 1032 2961 s.
1048 2897 1200 2960 informa

56 2991 209 3071 praedicta
224 2996 335 3052 contra
350 3011 460 3052 omnes
475 2997 588 3073 gentes
610 2990 889 3053 warantizabimus
904 2996 938 3053 et
960 2993 1200 3074 imperpetuum

56 3085 273 3149 defendemus.
318 3087 363 3147 Et
377 3086 419 3148 ad
434 3087 621 3149 intrandum
636 3087 671 3147 in
683 3086 780 3167 praed.
791 3086 957 3167 capellam,
972 3092 1048 3149 terr.
1060 3094 1094 3151 et
1109 3093 1199 3152 tene-

57 3188 160 3253 ment.
176 3181 321 3244 redditus
336 3186 370 3244 et
385 3183 518 3244 servicia
533 3202 608 3243 cum
623 3201 708 3242 omn.
725 3181 789 3241 suis
798 3180 936 3262 jruibus,
952 3181 1060 3243 libert.
1077 3184 1200 3247 aisiam.

57 3284 91 3340 et
114 3278 179 3339 suis
194 3279 311 3360 pertin.
328 3283 363 3339 et
385 3277 515 3359 plenam
530 3282 564 3340 et
588 3275 755 3359 pacificam
780 3274 897 3359 (142al
916 3278 1143 3358 possessionem
1166 3285 1201 3341 et

57 3374 208 3436 seisinam
224 3375 300 3436 inde
322 3374 513 3455 capiendam
536 3371 707 3454 postmodo
728 3372 812 3453 quod
831 3371 961 3453 plenam
978 3378 1012 3433 et
1034 3373 1201 3453 pacificam

56 3471 284 3549 possessionem
300 3473 333 3530 et
349 3469 497 3529 seisiuam
514 3468 590 3529 inde
606 3488 664 3549 pro
679 3468 769 3530 nobis
784 3472 818 3529 et
840 3468 968 3528 nomine
989 3473 1096 3530 nostro
1111 3470 1200 3550 praef.

57 3563 169 3626 abbati
194 3569 228 3625 et
252 3564 423 3625 conventui
445 3563 684 3626 deliberandam
711 3582 748 3625 ac
775 3563 955 3626 habendam
979 3563 1041 3624 sibi
1068 3569 1103 3626 et
1131 3585 1202 3627 sue·

56 3658 230 3720 cessoribus
269 3659 332 3719 suis
366 3658 617 3740 imperpetuum,
655 3660 830 3720 secundum
866 3659 944 3736 vim,
980 3658 1128 3737 sormam,
1167 3666 1201 3722 et

56 3753 210 3816 effectum
238 3752 335 3835 hujus
366 3758 463 3814 cartae
493 3772 575 3815 meae
604 3753 792 3827 indentatae‚
816 3754 960 3815 ordinavi
986 3760 1020 3816 et
1047 3755 1200 3817 constitui

57 3849 193 3911 dilectos
216 3850 316 3910 michi
339 3849 373 3910 in
398 3847 524 3911 Christo
547 3847 673 3911 Jho‘em
697 3848 831 3931 Bonyffe
855 3854 888 3910 et
912 3849 1085 3911 Ricardum
1109 3849 1201 3913 Seott

56 3944 255 4026 conjunctim
271 3949 305 4006 et
320 3944 447 4006 divisim
464 3961 551 4005 meos
560 3964 648 4005 veros
663 3949 696 4005 et
713 3943 874 4026 legitimos
889 3949 1078 4021 attornatos,
1094 3951 1200 4007 ratum

56 4045 91 4103 et
105 4045 237 4123 gratum
252 4038 465 4125 (lechitum)
481 4040 631 4123 quicquid
647 4040 734 4102 idem
749 4041 905 4102 attornati
921 4042 985 4103 mei
1001 4041 1199 4123 conjunctim

55 4135 108 4199 vel
130 4137 272 4214 divisim,
287 4135 337 4198 vel
359 4156 471 4198 eorum
493 4135 610 4217 aliquis
632 4135 746 4197 fecerit
768 4136 802 4196 in
826 4137 1006 4217 praemissis,
1023 4142 1119 4218 prout
1141 4157 1200 4219 ego

53 4232 122 4313 ipse
144 4233 265 4295 ibidem
289 4232 498 4314 personaliter
522 4233 717 4292 interessem.
773 4231 812 4291 In
838 4230 928 4312 cujus
954 4232 1000 4292 rei
1027 4236 1102 4295 test.
1126 4233 1200 4294 huic

54 4329 206 4412 praesenti
222 4334 320 4391 cartae
334 4348 416 4390 meae
431 4328 608 4389 indentatae
623 4345 719 4408 penes
741 4325 891 4407 praefatos
905 4326 1056 4388 abbatem
1078 4333 1112 4389 et
1126 4348 1201 4390 con·

54 4430 190 4489 ventum
206 4424 386 4488 remanenti
401 4443 461 4507 ego
477 4422 627 4505 prefatus
639 4421 777 4483 Thomas
789 4421 929 4499 Borion,
940 4420 1044 4500 miles,
1056 4422 1200 4506 sigillum
