2940 5048
79 1359 159 1421 night
170 1359 200 1409 of

78 1442 141 1490 wny.

134 1862 171 1911 rnJ

78 1911 212 1968 Quitclsim

78 1980 108 2026 of
116 1978 198 2035 rfglns

79 2044 105 2092 in
117 2044 196 2092 nimo

80 2110 151 2158 lurnls
163 2110 195 2172 lry

77 2175 131 2224 llic.
143 2176 174 2224 ‹lu

80 2241 177 2303 llerllsy

78 2306 127 2354 sod
139 2306 209 2369 Sibyl

79 2371 203 2421 lilnuduit.

144 3289 172 3328 v·

80 3345 157 3393 Grnnt
173 3348 202 3395 of

81 3412 94 3457 f
92 3428 138 3459 lllll
150 3431 216 3461 :wrcs

81 3475 106 3523 ln
123 3478 231 3526 dornick

82 3542 115 3604 lry
129 3544 227 3592 Wultcr

81 3607 140 3656 des,
148 3610 189 3657 l’ot
197 3627 231 3658 ro.

79 3842 154 3898 (lore.

683 305 958 359 cnsuruasswu

250 478 327 541 inde
342 498 451 541 versus
466 475 498 539 le
512 474 609 539 north
624 474 783 558 usquead
805 480 957 559 quartum
974 474 1129 559 lapidem,
1144 482 1180 542 et
1200 478 1278 542 inde
1293 498 1397 543 versus

250 576 281 637 le
305 580 383 637 west
412 593 513 656 usque
539 571 581 634 ad
611 572 764 655 quintum
787 572 941 656 lapidem,
971 592 1052 655 quoa
1076 573 1202 656 lapides
1230 576 1309 658 poni
1338 576 1398 639 ieci

252 672 415 734 monachis
430 690 488 753 pro
510 669 632 744 divisis,
647 673 682 731 et
703 688 724 730 a
739 669 894 752 praedicto
916 670 1033 751 quinto
1054 669 1165 753 lapide
1183 673 1220 734 in
1242 672 1398 735 directum

251 789 359 830 versus
374 767 405 829 le
421 766 518 828 north
533 766 679 848 usquein
694 766 876 848 proximum
886 764 1037 843 siketum,
1049 772 1084 829 ct
1094 787 1152 849 per
1167 767 1251 831 illud
1262 767 1399 831 siketum

251 866 373 927 directe
390 883 497 926 versus
511 864 672 925 orientem
686 882 786 944 usque
801 863 837 923 in
851 862 1043 944 praedictum
1053 862 1247 941 unruocho,
1255 869 1399 929 ettotum

252 969 382 1045 pratum
398 960 485 1043 quod
500 963 550 1022 est
564 958 606 1022 ad
620 959 758 1021 australe
773 959 877 1041 capud
892 958 932 1021 de
948 958 1187 1025 Hilichfenside
1201 962 1290 1044 quod
1299 967 1399 1023 mater

253 1079 325 1120 mea
349 1058 467 1119 tenuit.
513 1057 591 1119 Ten.
608 1060 642 1118 et
668 1055 741 1118 hub.
757 1055 922 1138 praedictis
945 1056 1111 1119 monachis
1137 1056 1179 1119 de
1202 1077 1258 1120 me
1277 1063 1314 1120 at
1334 1058 1397 1121 her.

252 1156 343 1230 meis,
369 1154 404 1215 in
430 1153 487 1217 lib.
503 1172 575 1234 pur.
592 1158 627 1213 et
650 1172 740 1233 perp.
764 1150 804 1213 el.
829 1151 908 1213 adeo
930 1150 1031 1215 libere
1053 1157 1088 1214 et
1111 1154 1222 1235 quiete
1248 1153 1291 1216 ab
1315 1172 1396 1219 omn.

253 1251 345 1313 rebus
361 1270 432 1332 quse
446 1248 488 1311 ab
509 1247 618 1330 aliqua
634 1254 718 1310 terra
740 1248 827 1330 exigi
842 1255 977 1329 possunt
998 1248 1089 1310 sicud
1111 1248 1223 1331 aliqua
1238 1248 1282 1313 el.
1296 1256 1399 1333 potest

253 1348 386 1409 liberius
401 1345 482 1408 dari.
528 1345 685 1407 Praeterea
707 1346 847 1405 concessi
870 1345 992 1406 eisdem
1014 1346 1180 1407 monachis
1200 1345 1341 1409 liberum
1355 1348 1398 1411 ire

254 1450 288 1505 et
311 1442 414 1505 redire
439 1462 513 1503 cum
536 1441 686 1522 coriagiis
706 1441 772 1502 suis
798 1439 918 1522 ubique
939 1460 997 1522 per
1020 1447 1125 1503 totam
1146 1446 1271 1505 terram
1287 1464 1398 1517 meam,

254 1546 346 1602 extra
367 1538 499 1600 bladum
522 1541 557 1599 et
579 1542 721 1619 pratum,
744 1538 814 1599 sine
837 1537 1061 1619 inpedimento
1084 1539 1149 1600 mei
1172 1538 1225 1601 vel
1248 1538 1398 1603 heredum

253 1655 409 1698 meorum.

320 1828 474 1891 Ricardus
501 1828 541 1890 de
565 1826 674 1910 Hedly
698 1830 732 1888 et
758 1826 871 1890 Sibilla
895 1826 1049 1889 Mauduit
1072 1848 1151 1890 uxor
1170 1849 1239 1905 sua,
1254 1829 1399 1893 salutem.

255 1925 369 1989 Sciatis
384 1944 440 1987 uos
455 1924 611 1986 dimisisse
626 1928 660 1985 et
675 1923 821 2005 quietum
837 1923 988 1985 clamasse
1002 1944 1023 1985 a
1041 1924 1131 1987 nobis
1152 1926 1188 1987 in
1210 1932 1400 2009 perpetuum

254 2021 417 2083 willelmo
431 2019 529 2105 (lib)
544 2020 585 2082 de
602 2018 721 2082 Sancto
736 2019 833 2081 Petro
850 2019 980 2081 domino
994 2020 1035 2082 de
1050 2019 1172 2083 Berwic
1186 2026 1222 2083 et
1236 2021 1400 2085 heredibus

253 2119 317 2180 suis
341 2124 448 2180 totum
469 2117 524 2200 jus
550 2122 584 2178 et
610 2115 764 2178 clamium
790 2116 874 2196 quod
900 2114 1070 2177 habuimus
1095 2116 1130 2178 in
1154 2116 1284 2181 cultura
1298 2117 1355 2181 illa
1368 2118 1399 2181 in

254 2235 367 2296 campo
390 2215 429 2275 de
445 2212 581 2288 Bernik,
602 2232 673 2293 quae
688 2217 819 2273 vocatur
843 2211 988 2293 Derling‚
1004 2216 1039 2273 et
1064 2213 1098 2274 in
1119 2217 1214 2296 prato
1236 2213 1297 2278 illo
1318 2214 1400 2297 quod

252 2330 310 2371 nos
324 2310 485 2371 tenuimus
500 2309 534 2369 in
550 2308 662 2369 eodem
677 2328 790 2389 eampo
804 2308 845 2369 ad
867 2307 1007 2370 arntrale
1028 2310 1133 2391 capud
1155 2310 1197 2372 de
1212 2310 1399 2375 l'lifenside.

254 2406 335 2479 Quia
351 2406 436 2466 idem
446 2403 625 2465 willelmus
636 2404 676 2464 dc
686 2402 803 2465 Sancto
812 2403 909 2465 Petro
920 2404 962 2466 ad
977 2405 1170 2486 peticionem
1184 2412 1221 2469 et
1234 2406 1401 2471 consilium

253 2507 399 2563 nostrum
417 2505 450 2562 et
473 2498 609 2561 aliorum
634 2500 812 2561 amicorum
836 2520 966 2561 suorum
990 2500 1177 2582 proedictam
1193 2502 1355 2567 culturam
1369 2508 1401 2567 et

254 2598 443 2680 preadictum
454 2602 585 2677 protum
597 2616 670 2658 cum
682 2597 886 2678 pertinenciis
898 2597 961 2657 suis
973 2598 1098 2679 integre
1110 2603 1142 2659 et
1155 2598 1300 2681 plenarie
1314 2600 1402 2664 dedit

253 2693 416 2756 monachis
431 2694 471 2755 de
486 2692 577 2754 Novo
592 2693 797 2766 Monasterio‚
813 2693 846 2753 in
863 2692 996 2754 liberam
1008 2700 1041 2755 et
1056 2714 1170 2776 puram
1184 2695 1401 2775 elemosinam,

254 2810 329 2850 cum
344 2808 472 2870 corpore
489 2807 555 2863 suo,
571 2792 604 2849 et
619 2808 677 2868 pro
693 2788 753 2855 ista
765 2788 949 2851 dimissione
960 2795 995 2850 et
1006 2790 1116 2870 quieta
1128 2789 1307 2855 clamancia
1318 2793 1402 2856 idem

254 2884 437 2945 Willelrnus
452 2884 543 2945 dedit
558 2882 647 2944 nohis
653 2903 667 2965 J
685 2903 826 2944 marcam
841 2885 979 2965 argenti.
1017 2884 1062 2946 Et
1077 2906 1251 2949 nosooram
1266 2889 1402 2951 testibus

254 2980 454 3041 nffidavimns
469 3000 524 3041 nos
539 2980 675 3042 firmiter
690 2984 724 3041 et
738 2980 805 3041 sine
821 2980 906 3041 molo
928 2981 1057 3063 ingenio
1080 2982 1163 3045 hanc
1185 2984 1402 3049 dimissionem

255 3083 288 3138 et
304 3077 448 3158 quietern
463 3076 672 3138 claursncium
687 3083 934 3138 conservaturos.

323 3269 443 3341 Sciant,
460 3276 532 3345 cto,
549 3269 633 3350 quod
649 3289 709 3350 ego
725 3269 884 3330 walterus
899 3268 939 3330 de
955 3269 1073 3332 Sancto
1091 3271 1189 3334 Petro
1211 3273 1300 3351 dedi,
1315 3294 1401 3338 cone.

256 3372 289 3428 et
297 3367 357 3427 hac
367 3386 437 3426 rnoa
447 3386 536 3446 prins.
548 3365 716 3426 cartconf.
726 3363 837 3426 Decet
847 3363 879 3425 S.
891 3364 937 3425 M.
948 3370 980 3426 et
990 3386 1075 3429 mon.
1082 3368 1122 3427 de
1132 3368 1162 3429 N
1164 3388 1224 3431 ovo
1233 3370 1336 3447 Mon„
1347 3390 1403 3454 pro

256 3463 312 3524 snl.
328 3482 379 3522 nn.
396 3481 476 3521 rncsn
492 3468 524 3520 et
542 3480 592 3521 ux.
609 3480 651 3519 1n.
669 3465 703 3520 et
717 3464 821 3520 antec.
841 3465 876 3521 et
896 3460 964 3523 her.
980 3482 1023 3522 m.
1039 3463 1073 3523 in
1097 3462 1152 3524 lib.
1169 3484 1240 3546 pur.
1256 3472 1292 3528 ct
1314 3486 1401 3549 perp.

257 3559 296 3620 ol.
320 3563 456 3638 ‹purtuor
478 3576 566 3615 uerus
582 3564 674 3616 ternu
689 3556 722 3615 iu
739 3576 852 3637 campo
873 3556 912 3617 de
930 3556 1063 3633 llerwilr,
1079 3559 1212 3638 scilicet,
1228 3568 1294 3623 tres
1315 3582 1402 3625 acras

257 3674 328 3734 quus
345 3656 496 3713 vocantur
520 3651 671 3731 Leygnre,
688 3671 759 3732 quse
769 3651 880 3732 jacent
896 3652 981 3715 inter
1004 3655 1138 3716 divisam
1160 3657 1200 3719 de
1219 3657 1346 3722 Horton
1368 3664 1404 3721 et

258 3758 376 3811 tenonr
392 3768 464 3829 qum
480 3748 544 3808 suit
565 3747 719 3809 ll'illehni
740 3748 881 3810 Freburn
908 3756 943 3811 et
968 3750 1094 3814 Ceciliae
1120 3755 1227 3815 uxoris
1241 3775 1318 3831 suae,
1332 3762 1367 3819 et
1384 3754 1399 3839 j

257 3868 362 3907 acrznn
380 3865 486 3907 versus
502 3844 531 3904 lc
546 3845 640 3904 north
657 3844 696 3905 de
712 3844 937 3922 Standenstan,
947 3847 1079 3923 scilicet,
1089 3854 1193 3911 totam
1212 3849 1306 3912 illum
1318 3852 1402 3915 Gare

258 3942 413 4024 usquead
440 3940 580 4021 lapidem
606 3942 747 4021 positum
773 3942 807 4002 in
832 3942 937 4022 capite
963 3942 1107 4025 ejusdem
1128 3951 1224 4009 cartae
1244 3948 1279 4009 in
1299 3947 1403 4011 siketo

258 4039 459 4114 deno1·th‚ot
474 4036 515 4097 nh
531 4036 586 4097 illo
602 4036 707 4117 lupide
722 4057 778 4118 per
793 4037 879 4098 idern
889 4037 1029 4100 siketrun
1041 4060 1140 4123 usque
1154 4043 1196 4103 ad
1212 4043 1348 4107 disisam
1362 4046 1403 4109 da

257 4136 393 4194 llorton.
439 4133 517 4192 'l'cn.
534 4138 568 4192 et
584 4132 657 4192 hab.
675 4133 773 4213 prend.
789 4153 854 4195 nro.
870 4132 903 4194 in
920 4132 978 4196 lib.
994 4155 1064 4217 pur.
1080 4142 1115 4198 et
1129 4158 1219 4221 perp.
1235 4139 1279 4203 el.
1294 4142 1336 4204 dc
1350 4161 1403 4204 me

257 4238 290 4291 ot
307 4231 373 4290 her.
390 4249 434 4289 rn.
450 4227 528 4289 sulco
549 4225 606 4289 lib.
622 4233 654 4288 et
671 4228 772 4308 quiet.
784 4228 824 4290 ab
841 4249 926 4291 onrn.
943 4230 1036 4293 rebus
1052 4254 1123 4314 quse
1138 4234 1180 4296 ab
1194 4235 1304 4319 aliqua
1318 4244 1405 4301 terra

255 4327 339 4406 exigi
358 4328 498 4405 possunt,
513 4323 602 4385 sicud
614 4323 722 4405 aliqua
737 4323 777 4386 el.
793 4331 900 4406 potest
916 4325 1047 4389 liberius
1061 4329 1225 4410 possideri.
