<?xml version="1.0" encoding="UTF-8"?>
<!DOCTYPE html PUBLIC "-//W3C//DTD XHTML 1.0 Transitional//EN"
    "http://www.w3.org/TR/xhtml1/DTD/xhtml1-transitional.dtd">
<html xmlns="http://www.w3.org/1999/xhtml" xml:lang="en" lang="en">
 <head>
  <title>
</title>
<meta http-equiv="Content-Type" content="text/html;charset=utf-8" />
  <meta name='ocr-system' content='tesseract 3.04.00' />
  <meta name='ocr-capabilities' content='ocr_page ocr_carea ocr_par ocr_line ocrx_word'/>
</head>
<body>
  <div class='ocr_page' id='page_1' title='image "./chartulariumabb00fowlgoog_0180.png"; bbox 0 0 2940 5048; ppageno 0'>
   <div class='ocr_carea' id='block_1_1' title="bbox 448 290 1412 360">
    <p class='ocr_par' dir='ltr' id='par_1_1' title="bbox 448 290 1412 360">
     <span class='ocr_line' id='line_1_1' title="bbox 448 290 1412 360; baseline 0.005 -5"><span class='ocrx_word' id='word_1_1' title='bbox 448 302 497 356; x_wconf 85' lang='lat' dir='ltr'>na</span> <span class='ocrx_word' id='word_1_2' title='bbox 521 302 616 356; x_wconf 79' lang='lat' dir='ltr'>novo</span> <span class='ocrx_word' id='word_1_3' title='bbox 642 302 877 360; x_wconf 81' lang='lat' dir='ltr'>ironssrsnro.</span> <span class='ocrx_word' id='word_1_4' title='bbox 1342 290 1412 360; x_wconf 82' lang='lat'>145</span> 
     </span>
    </p>
   </div>
   <div class='ocr_carea' id='block_1_2' title="bbox 68 469 1407 2283">
    <p class='ocr_par' dir='ltr' id='par_1_2' title="bbox 68 469 1407 840">
     <span class='ocr_line' id='line_1_2' title="bbox 68 469 1384 551; baseline 0.002 -19"><span class='ocrx_word' id='word_1_5' title='bbox 68 487 129 551; x_wconf 89' lang='lat' dir='ltr'>pro</span> <span class='ocrx_word' id='word_1_6' title='bbox 155 489 211 532; x_wconf 90' lang='lat' dir='ltr'>me</span> <span class='ocrx_word' id='word_1_7' title='bbox 235 474 270 532; x_wconf 86' lang='lat' dir='ltr'>et</span> <span class='ocrx_word' id='word_1_8' title='bbox 293 469 362 532; x_wconf 91' lang='lat' dir='ltr'>ber.</span> <span class='ocrx_word' id='word_1_9' title='bbox 389 492 434 533; x_wconf 92' lang='lat' dir='ltr'>m.</span> <span class='ocrx_word' id='word_1_10' title='bbox 458 471 526 534; x_wconf 92' lang='lat' dir='ltr'>Deo</span> <span class='ocrx_word' id='word_1_11' title='bbox 544 479 578 534; x_wconf 89' lang='lat' dir='ltr'>et</span> <span class='ocrx_word' id='word_1_12' title='bbox 599 471 675 533; x_wconf 88' lang='lat' dir='ltr'>eccl.</span> <span class='ocrx_word' id='word_1_13' title='bbox 693 471 725 534; x_wconf 86' lang='lat' dir='ltr'><strong>S.</strong></span> <span class='ocrx_word' id='word_1_14' title='bbox 742 472 790 534; x_wconf 87' lang='lat' dir='ltr'>M.</span> <span class='ocrx_word' id='word_1_15' title='bbox 806 473 889 534; x_wconf 91' lang='lat' dir='ltr'>Novi</span> <span class='ocrx_word' id='word_1_16' title='bbox 904 472 994 535; x_wconf 88' lang='lat' dir='ltr'>Mon.</span> <span class='ocrx_word' id='word_1_17' title='bbox 1022 478 1055 536; x_wconf 89' lang='lat' dir='ltr'>et</span> <span class='ocrx_word' id='word_1_18' title='bbox 1071 475 1233 538; x_wconf 88' lang='lat' dir='ltr'>monachis</span> <span class='ocrx_word' id='word_1_19' title='bbox 1258 485 1384 548; x_wconf 60' lang='grc'><strong>411111-</strong></span> 
     </span>
     <span class='ocr_line' id='line_1_3' title="bbox 71 551 1407 680; baseline 0.005 -54"><span class='ocrx_word' id='word_1_20' title='bbox 71 563 141 627; x_wconf 85' lang='lat' dir='ltr'>Dco</span> <span class='ocrx_word' id='word_1_21' title='bbox 158 565 283 630; x_wconf 87' lang='lat' dir='ltr'>ibidem</span> <span class='ocrx_word' id='word_1_22' title='bbox 297 567 522 643; x_wconf 85' lang='lat' dir='ltr'>servientibus,</span> <span class='ocrx_word' id='word_1_23' title='bbox 536 569 571 629; x_wconf 92' lang='lat' dir='ltr'>in</span> <span class='ocrx_word' id='word_1_24' title='bbox 586 588 654 649; x_wconf 93' lang='lat' dir='ltr'>pur.</span> <span class='ocrx_word' id='word_1_25' title='bbox 672 572 707 628; x_wconf 91' lang='lat' dir='ltr'>et</span> <span class='ocrx_word' id='word_1_26' title='bbox 722 586 811 649; x_wconf 84' lang='lat' dir='ltr'>perp.</span> <span class='ocrx_word' id='word_1_27' title='bbox 827 567 879 645; x_wconf 90' lang='lat' dir='ltr'>el.,</span> <span class='ocrx_word' id='word_1_28' title='bbox 895 568 1028 630; x_wconf 88' lang='lat' dir='ltr'>liberam</span> <span class='ocrx_word' id='word_1_29' title='bbox 1045 576 1079 632; x_wconf 91' lang='lat' dir='ltr'>et</span> <span class='ocrx_word' id='word_1_30' title='bbox 1088 572 1231 652; x_wconf 85' lang='lat' dir='ltr'>quietam</span> <span class='ocrx_word' id='word_1_31' title='bbox 1257 551 1407 680; x_wconf 44' lang='lat' dir='ltr'>&amp;45:3²⁶ss</span> 
     </span>
     <span class='ocr_line' id='line_1_4' title="bbox 72 659 1404 748; baseline 0.008 -26"><span class='ocrx_word' id='word_1_32' title='bbox 72 659 114 722; x_wconf 84' lang='lat' dir='ltr'>ab</span> <span class='ocrx_word' id='word_1_33' title='bbox 129 682 220 725; x_wconf 92' lang='lat' dir='ltr'>omn.</span> <span class='ocrx_word' id='word_1_34' title='bbox 232 683 322 738; x_wconf 76' lang='lat' dir='ltr'>serv,</span> <span class='ocrx_word' id='word_1_35' title='bbox 334 668 434 739; x_wconf 87' lang='lat' dir='ltr'>secta,</span> <span class='ocrx_word' id='word_1_36' title='bbox 443 663 673 726; x_wconf 81' lang='lat' dir='ltr'>consuetudine</span> <span class='ocrx_word' id='word_1_37' title='bbox 688 669 721 724; x_wconf 91' lang='lat' dir='ltr'>et</span> <span class='ocrx_word' id='word_1_38' title='bbox 737 666 916 741; x_wconf 81' lang='lat' dir='ltr'>exaccione,</span> <span class='ocrx_word' id='word_1_39' title='bbox 927 666 1147 728; x_wconf 88' lang='lat' dir='ltr'>terramillam</span> <span class='ocrx_word' id='word_1_40' title='bbox 1160 687 1230 748; x_wconf 83' lang='lat' dir='ltr'>quae</span> <span class='ocrx_word' id='word_1_41' title='bbox 1257 659 1404 748; x_wconf 66' lang='lat' dir='ltr'>Grsysssck.</span> 
     </span>
     <span class='ocr_line' id='line_1_5' title="bbox 75 757 1229 840; baseline 0.006 -22"><span class='ocrx_word' id='word_1_42' title='bbox 75 761 210 819; x_wconf 80' lang='lat' dir='ltr'>vocatur</span> <span class='ocrx_word' id='word_1_43' title='bbox 227 757 534 840; x_wconf 84' lang='lat' dir='ltr'>Appiltrelaicrokes</span> <span class='ocrx_word' id='word_1_44' title='bbox 564 760 599 820; x_wconf 93' lang='lat' dir='ltr'>in</span> <span class='ocrx_word' id='word_1_45' title='bbox 623 760 786 821; x_wconf 88' lang='lat' dir='ltr'>territorio</span> <span class='ocrx_word' id='word_1_46' title='bbox 813 760 852 821; x_wconf 90' lang='lat' dir='ltr'>de</span> <span class='ocrx_word' id='word_1_47' title='bbox 869 760 1017 838; x_wconf 89' lang='lat' dir='ltr'>Kestem,</span> <span class='ocrx_word' id='word_1_48' title='bbox 1041 783 1081 824; x_wconf 86' lang='lat' dir='ltr'>ex</span> <span class='ocrx_word' id='word_1_49' title='bbox 1096 763 1229 825; x_wconf 81' lang='lat' dir='ltr'>australi</span> 
     </span>
    </p>

    <p class='ocr_par' dir='ltr' id='par_1_3' title="bbox 75 854 1229 938">
     <span class='ocr_line' id='line_1_6' title="bbox 75 854 1229 938; baseline 0.005 -23"><span class='ocrx_word' id='word_1_50' title='bbox 75 858 169 935; x_wconf 81' lang='lat' dir='ltr'>parte</span> <span class='ocrx_word' id='word_1_51' title='bbox 189 855 231 917; x_wconf 87' lang='grc'>(11</span> <span class='ocrx_word' id='word_1_52' title='bbox 245 854 360 931; x_wconf 88' lang='lat' dir='ltr'>Coket,</span> <span class='ocrx_word' id='word_1_53' title='bbox 384 876 481 938; x_wconf 88' lang='lat' dir='ltr'>quam</span> <span class='ocrx_word' id='word_1_54' title='bbox 501 855 620 918; x_wconf 87' lang='lat' dir='ltr'>habent</span> <span class='ocrx_word' id='word_1_55' title='bbox 643 855 788 937; x_wconf 88' lang='lat' dir='ltr'>praedicti</span> <span class='ocrx_word' id='word_1_56' title='bbox 804 858 953 919; x_wconf 87' lang='lat' dir='ltr'>monachi</span> <span class='ocrx_word' id='word_1_57' title='bbox 968 879 1005 919; x_wconf 85' lang='lat' dir='ltr'>ex</span> <span class='ocrx_word' id='word_1_58' title='bbox 1022 859 1104 921; x_wconf 93' lang='lat' dir='ltr'>dono</span> <span class='ocrx_word' id='word_1_59' title='bbox 1120 859 1153 921; x_wconf 90' lang='lat' dir='ltr'>J.</span> <span class='ocrx_word' id='word_1_60' title='bbox 1168 859 1229 921; x_wconf 90' lang='lat' dir='ltr'>filii</span> 
     </span>
    </p>

    <p class='ocr_par' dir='ltr' id='par_1_4' title="bbox 76 948 1227 1034">
     <span class='ocr_line' id='line_1_7' title="bbox 76 948 1227 1034; baseline 0.004 -21"><span class='ocrx_word' id='word_1_61' title='bbox 76 948 108 1013; x_wconf 86' lang='lat' dir='ltr'><strong>J.</strong></span> <span class='ocrx_word' id='word_1_62' title='bbox 135 951 177 1013; x_wconf 90' lang='lat' dir='ltr'>de</span> <span class='ocrx_word' id='word_1_63' title='bbox 191 951 248 1028; x_wconf 81' lang='lat' dir='ltr'>K,</span> <span class='ocrx_word' id='word_1_64' title='bbox 271 957 305 1013; x_wconf 91' lang='lat' dir='ltr'>et</span> <span class='ocrx_word' id='word_1_65' title='bbox 329 957 449 1014; x_wconf 87' lang='lat' dir='ltr'>terram</span> <span class='ocrx_word' id='word_1_66' title='bbox 463 951 555 1013; x_wconf 89' lang='lat' dir='ltr'>illam</span> <span class='ocrx_word' id='word_1_67' title='bbox 572 953 606 1013; x_wconf 92' lang='lat' dir='ltr'>in</span> <span class='ocrx_word' id='word_1_68' title='bbox 618 951 745 1014; x_wconf 87' lang='lat' dir='ltr'>cultura</span> <span class='ocrx_word' id='word_1_69' title='bbox 765 972 836 1034; x_wconf 84' lang='lat' dir='ltr'>quae</span> <span class='ocrx_word' id='word_1_70' title='bbox 852 959 983 1016; x_wconf 87' lang='lat' dir='ltr'>vocatur</span> <span class='ocrx_word' id='word_1_71' title='bbox 999 955 1227 1033; x_wconf 85' lang='lat' dir='ltr'>Schulderlaw‚</span> 
     </span>
    </p>

    <p class='ocr_par' dir='ltr' id='par_1_5' title="bbox 77 1047 1227 1132">
     <span class='ocr_line' id='line_1_8' title="bbox 77 1047 1227 1132; baseline 0.005 -23"><span class='ocrx_word' id='word_1_72' title='bbox 77 1066 175 1129; x_wconf 89' lang='lat' dir='ltr'>quam</span> <span class='ocrx_word' id='word_1_73' title='bbox 198 1047 286 1110; x_wconf 87' lang='lat' dir='ltr'>idem</span> <span class='ocrx_word' id='word_1_74' title='bbox 309 1047 342 1109; x_wconf 92' lang='lat' dir='ltr'><strong>J.</strong></span> <span class='ocrx_word' id='word_1_75' title='bbox 369 1047 462 1111; x_wconf 88' lang='lat' dir='ltr'>dedit</span> <span class='ocrx_word' id='word_1_76' title='bbox 487 1049 582 1130; x_wconf 86' lang='lat' dir='ltr'>praed.</span> <span class='ocrx_word' id='word_1_77' title='bbox 599 1068 662 1109; x_wconf 89' lang='lat' dir='ltr'>mo.</span> <span class='ocrx_word' id='word_1_78' title='bbox 688 1068 727 1108; x_wconf 83' lang='lat' dir='ltr'>cx</span> <span class='ocrx_word' id='word_1_79' title='bbox 751 1048 926 1129; x_wconf 85' lang='lat' dir='ltr'>aquilonali</span> <span class='ocrx_word' id='word_1_80' title='bbox 952 1057 1042 1132; x_wconf 89' lang='lat' dir='ltr'>parte</span> <span class='ocrx_word' id='word_1_81' title='bbox 1058 1052 1098 1114; x_wconf 89' lang='lat' dir='ltr'>de</span> <span class='ocrx_word' id='word_1_82' title='bbox 1114 1052 1227 1130; x_wconf 88' lang='lat' dir='ltr'>Coket,</span> 
     </span>
    </p>

    <p class='ocr_par' dir='ltr' id='par_1_6' title="bbox 71 1142 1225 1226">
     <span class='ocr_line' id='line_1_9' title="bbox 71 1142 1225 1226; baseline 0.005 -21"><span class='ocrx_word' id='word_1_83' title='bbox 71 1142 168 1226; x_wconf 86' lang='lat' dir='ltr'>juxta</span> <span class='ocrx_word' id='word_1_84' title='bbox 198 1143 312 1205; x_wconf 89' lang='lat' dir='ltr'>villam</span> <span class='ocrx_word' id='word_1_85' title='bbox 336 1144 376 1206; x_wconf 92' lang='lat' dir='ltr'>de</span> <span class='ocrx_word' id='word_1_86' title='bbox 391 1144 434 1206; x_wconf 89' lang='lat' dir='ltr'>K.</span> <span class='ocrx_word' id='word_1_87' title='bbox 461 1145 683 1219; x_wconf 90' lang='lat' dir='ltr'>adorientem,</span> <span class='ocrx_word' id='word_1_88' title='bbox 709 1150 742 1205; x_wconf 89' lang='grc'>11</span> <span class='ocrx_word' id='word_1_89' title='bbox 768 1145 867 1206; x_wconf 88' lang='lat' dir='ltr'>situm</span> <span class='ocrx_word' id='word_1_90' title='bbox 889 1146 929 1207; x_wconf 89' lang='lat' dir='ltr'>ad</span> <span class='ocrx_word' id='word_1_91' title='bbox 953 1146 1016 1208; x_wconf 93' lang='lat' dir='ltr'>duo</span> <span class='ocrx_word' id='word_1_92' title='bbox 1031 1148 1225 1224; x_wconf 91' lang='lat' dir='ltr'>molendina,</span> 
     </span>
    </p>

    <p class='ocr_par' dir='ltr' id='par_1_7' title="bbox 74 1240 1226 1329">
     <span class='ocr_line' id='line_1_10' title="bbox 74 1240 1226 1329; baseline 0.005 -26"><span class='ocrx_word' id='word_1_93' title='bbox 74 1260 178 1303; x_wconf 90' lang='lat' dir='ltr'>unum</span> <span class='ocrx_word' id='word_1_94' title='bbox 193 1240 261 1303; x_wconf 85' lang='lat' dir='ltr'>scil.</span> <span class='ocrx_word' id='word_1_95' title='bbox 278 1241 319 1303; x_wconf 87' lang='lat' dir='ltr'>ad</span> <span class='ocrx_word' id='word_1_96' title='bbox 334 1240 466 1303; x_wconf 91' lang='lat' dir='ltr'>bladum</span> <span class='ocrx_word' id='word_1_97' title='bbox 482 1240 668 1303; x_wconf 89' lang='lat' dir='ltr'>molendum</span> <span class='ocrx_word' id='word_1_98' title='bbox 690 1247 724 1303; x_wconf 89' lang='lat' dir='ltr'>et</span> <span class='ocrx_word' id='word_1_99' title='bbox 746 1241 835 1304; x_wconf 91' lang='lat' dir='ltr'>aliud</span> <span class='ocrx_word' id='word_1_100' title='bbox 850 1243 1051 1322; x_wconf 80' lang='lat' dir='ltr'>fullonicam,</span> <span class='ocrx_word' id='word_1_101' title='bbox 1067 1267 1226 1329; x_wconf 68' lang='grc'><strong>(1111111111-</strong></span> 
     </span>
    </p>

    <p class='ocr_par' dir='ltr' id='par_1_8' title="bbox 74 1336 1225 1419">
     <span class='ocr_line' id='line_1_11' title="bbox 74 1336 1225 1419; baseline 0.003 -19"><span class='ocrx_word' id='word_1_102' title='bbox 74 1338 182 1401; x_wconf 88' lang='lat' dir='ltr'>dietus</span> <span class='ocrx_word' id='word_1_103' title='bbox 197 1337 230 1400; x_wconf 91' lang='lat' dir='ltr'><strong>J.</strong></span> <span class='ocrx_word' id='word_1_104' title='bbox 245 1339 402 1400; x_wconf 76' lang='lat' dir='ltr'>concessit</span> <span class='ocrx_word' id='word_1_105' title='bbox 416 1337 576 1419; x_wconf 87' lang='lat' dir='ltr'>praedictis</span> <span class='ocrx_word' id='word_1_106' title='bbox 591 1357 654 1398; x_wconf 90' lang='lat' dir='ltr'>mo.</span> <span class='ocrx_word' id='word_1_107' title='bbox 665 1336 767 1398; x_wconf 87' lang='lat' dir='ltr'>facere</span> <span class='ocrx_word' id='word_1_108' title='bbox 782 1344 816 1399; x_wconf 88' lang='grc'>11</span> <span class='ocrx_word' id='word_1_109' title='bbox 831 1339 946 1402; x_wconf 85' lang='lat' dir='ltr'>habere</span> <span class='ocrx_word' id='word_1_110' title='bbox 961 1341 995 1401; x_wconf 92' lang='lat' dir='ltr'>in</span> <span class='ocrx_word' id='word_1_111' title='bbox 1010 1343 1170 1404; x_wconf 87' lang='lat' dir='ltr'>territorio</span> <span class='ocrx_word' id='word_1_112' title='bbox 1185 1344 1225 1404; x_wconf 87' lang='lat' dir='ltr'>do</span> 
     </span>
    </p>

    <p class='ocr_par' dir='ltr' id='par_1_9' title="bbox 74 1432 1224 1612">
     <span class='ocr_line' id='line_1_12' title="bbox 75 1432 1224 1517; baseline 0.005 -23"><span class='ocrx_word' id='word_1_113' title='bbox 75 1432 117 1495; x_wconf 86' lang='grc' dir='ltr'>Κ.</span> <span class='ocrx_word' id='word_1_114' title='bbox 133 1433 328 1515; x_wconf 85' lang='lat' dir='ltr'>ubicumque</span> <span class='ocrx_word' id='word_1_115' title='bbox 344 1432 512 1509; x_wconf 86' lang='lat' dir='ltr'>voluerint,</span> <span class='ocrx_word' id='word_1_116' title='bbox 527 1453 547 1494; x_wconf 91' lang='lat' dir='ltr'>a</span> <span class='ocrx_word' id='word_1_117' title='bbox 562 1433 671 1495; x_wconf 89' lang='lat' dir='ltr'>divisis</span> <span class='ocrx_word' id='word_1_118' title='bbox 686 1434 726 1495; x_wconf 95' lang='lat' dir='ltr'>de</span> <span class='ocrx_word' id='word_1_119' title='bbox 741 1433 870 1516; x_wconf 84' lang='lat' dir='ltr'>Hephal</span> <span class='ocrx_word' id='word_1_120' title='bbox 887 1456 985 1517; x_wconf 89' lang='lat' dir='ltr'>usque</span> <span class='ocrx_word' id='word_1_121' title='bbox 1000 1438 1041 1499; x_wconf 90' lang='lat' dir='ltr'>ad</span> <span class='ocrx_word' id='word_1_122' title='bbox 1057 1438 1174 1500; x_wconf 83' lang='lat' dir='ltr'>divisas</span> <span class='ocrx_word' id='word_1_123' title='bbox 1185 1440 1224 1500; x_wconf 94' lang='lat' dir='ltr'>de</span> 
     </span>
     <span class='ocr_line' id='line_1_13' title="bbox 74 1528 1222 1612; baseline 0.004 -21"><span class='ocrx_word' id='word_1_124' title='bbox 74 1528 283 1603; x_wconf 82' lang='lat' dir='ltr'>Flotwatton,</span> <span class='ocrx_word' id='word_1_125' title='bbox 298 1535 332 1592; x_wconf 90' lang='lat' dir='ltr'>st</span> <span class='ocrx_word' id='word_1_126' title='bbox 347 1549 386 1591; x_wconf 87' lang='lat' dir='ltr'>ex</span> <span class='ocrx_word' id='word_1_127' title='bbox 401 1549 590 1611; x_wconf 81' lang='lat' dir='ltr'>quaormque</span> <span class='ocrx_word' id='word_1_128' title='bbox 605 1536 696 1610; x_wconf 88' lang='lat' dir='ltr'>parte</span> <span class='ocrx_word' id='word_1_129' title='bbox 711 1550 801 1612; x_wconf 84' lang='lat' dir='ltr'>aquae</span> <span class='ocrx_word' id='word_1_130' title='bbox 817 1530 985 1594; x_wconf 84' lang='lat' dir='ltr'>voluerint.</span> <span class='ocrx_word' id='word_1_131' title='bbox 1016 1533 1094 1594; x_wconf 90' lang='lat' dir='ltr'>Ten.</span> <span class='ocrx_word' id='word_1_132' title='bbox 1105 1540 1139 1596; x_wconf 90' lang='lat' dir='ltr'>et</span> <span class='ocrx_word' id='word_1_133' title='bbox 1150 1535 1222 1597; x_wconf 90' lang='lat' dir='ltr'>hab.</span> 
     </span>
    </p>

    <p class='ocr_par' dir='ltr' id='par_1_10' title="bbox 73 1624 1223 1711">
     <span class='ocr_line' id='line_1_14' title="bbox 73 1624 1223 1711; baseline 0.005 -25"><span class='ocrx_word' id='word_1_134' title='bbox 73 1625 172 1707; x_wconf 66' lang='lat' dir='ltr'>praed.</span> <span class='ocrx_word' id='word_1_135' title='bbox 186 1645 251 1687; x_wconf 92' lang='lat' dir='ltr'>mo.</span> <span class='ocrx_word' id='word_1_136' title='bbox 267 1626 303 1686; x_wconf 94' lang='lat' dir='ltr'>in</span> <span class='ocrx_word' id='word_1_137' title='bbox 318 1630 508 1707; x_wconf 85' lang='lat' dir='ltr'>perpetuum</span> <span class='ocrx_word' id='word_1_138' title='bbox 523 1624 620 1709; x_wconf 82' lang='grc'><strong>(751))</strong></span> <span class='ocrx_word' id='word_1_139' title='bbox 635 1624 714 1686; x_wconf 89' lang='lat' dir='ltr'>adeo</span> <span class='ocrx_word' id='word_1_140' title='bbox 730 1626 829 1687; x_wconf 90' lang='lat' dir='ltr'>libere</span> <span class='ocrx_word' id='word_1_141' title='bbox 845 1627 946 1688; x_wconf 89' lang='lat' dir='ltr'>solute</span> <span class='ocrx_word' id='word_1_142' title='bbox 961 1634 994 1689; x_wconf 88' lang='lat' dir='ltr'>et</span> <span class='ocrx_word' id='word_1_143' title='bbox 1006 1629 1114 1711; x_wconf 88' lang='lat' dir='ltr'>quiete</span> <span class='ocrx_word' id='word_1_144' title='bbox 1133 1631 1223 1693; x_wconf 90' lang='lat' dir='ltr'>sicud</span> 
     </span>
    </p>

    <p class='ocr_par' dir='ltr' id='par_1_11' title="bbox 72 1719 1221 1804">
     <span class='ocr_line' id='line_1_15' title="bbox 72 1719 1221 1804; baseline 0.005 -22"><span class='ocrx_word' id='word_1_145' title='bbox 72 1719 183 1803; x_wconf 88' lang='lat' dir='ltr'>aliqua</span> <span class='ocrx_word' id='word_1_146' title='bbox 191 1721 231 1783; x_wconf 92' lang='lat' dir='ltr'>el.</span> <span class='ocrx_word' id='word_1_147' title='bbox 247 1720 377 1783; x_wconf 86' lang='lat' dir='ltr'>liberius</span> <span class='ocrx_word' id='word_1_148' title='bbox 388 1726 421 1782; x_wconf 89' lang='lat' dir='ltr'>et</span> <span class='ocrx_word' id='word_1_149' title='bbox 433 1722 575 1803; x_wconf 86' lang='lat' dir='ltr'>quiecius</span> <span class='ocrx_word' id='word_1_150' title='bbox 590 1722 693 1782; x_wconf 88' lang='lat' dir='ltr'>teneri</span> <span class='ocrx_word' id='word_1_151' title='bbox 708 1723 807 1802; x_wconf 86' lang='lat' dir='ltr'>possit</span> <span class='ocrx_word' id='word_1_152' title='bbox 819 1722 869 1783; x_wconf 91' lang='lat' dir='ltr'>vel</span> <span class='ocrx_word' id='word_1_153' title='bbox 879 1724 1042 1804; x_wconf 88' lang='lat' dir='ltr'>possideri,</span> <span class='ocrx_word' id='word_1_154' title='bbox 1052 1745 1125 1786; x_wconf 90' lang='lat' dir='ltr'>cum</span> <span class='ocrx_word' id='word_1_155' title='bbox 1136 1746 1221 1789; x_wconf 92' lang='lat' dir='ltr'>omn.</span> 
     </span>
    </p>

    <p class='ocr_par' dir='ltr' id='par_1_12' title="bbox 72 1815 1222 1901">
     <span class='ocr_line' id='line_1_16' title="bbox 72 1815 1222 1901; baseline 0.005 -24"><span class='ocrx_word' id='word_1_156' title='bbox 72 1815 173 1879; x_wconf 79' lang='lat' dir='ltr'>libet</span> <span class='ocrx_word' id='word_1_157' title='bbox 187 1817 298 1879; x_wconf 89' lang='lat' dir='ltr'>asiam.</span> <span class='ocrx_word' id='word_1_158' title='bbox 310 1817 352 1878; x_wconf 90' lang='lat' dir='ltr'>ad</span> <span class='ocrx_word' id='word_1_159' title='bbox 360 1816 457 1898; x_wconf 70' lang='lat' dir='ltr'>praed.</span> <span class='ocrx_word' id='word_1_160' title='bbox 470 1822 570 1878; x_wconf 88' lang='lat' dir='ltr'>terras</span> <span class='ocrx_word' id='word_1_161' title='bbox 579 1822 614 1878; x_wconf 89' lang='lat' dir='ltr'>et</span> <span class='ocrx_word' id='word_1_162' title='bbox 625 1816 665 1878; x_wconf 90' lang='lat' dir='ltr'>ad</span> <span class='ocrx_word' id='word_1_163' title='bbox 677 1818 775 1898; x_wconf 84' lang='lat' dir='ltr'>praed.</span> <span class='ocrx_word' id='word_1_164' title='bbox 786 1817 969 1880; x_wconf 89' lang='lat' dir='ltr'>molendina</span> <span class='ocrx_word' id='word_1_165' title='bbox 978 1820 1222 1901; x_wconf 86' lang='lat' dir='ltr'>pertinentibus,</span> 
     </span>
    </p>

    <p class='ocr_par' dir='ltr' id='par_1_13' title="bbox 71 1912 1222 1995">
     <span class='ocr_line' id='line_1_17' title="bbox 71 1912 1222 1995; baseline 0.003 -20"><span class='ocrx_word' id='word_1_166' title='bbox 71 1913 161 1975; x_wconf 85' lang='lat' dir='ltr'>sicud</span> <span class='ocrx_word' id='word_1_167' title='bbox 187 1918 285 1975; x_wconf 85' lang='lat' dir='ltr'>cartae</span> <span class='ocrx_word' id='word_1_168' title='bbox 309 1912 405 1995; x_wconf 82' lang='lat' dir='ltr'>praed.</span> <span class='ocrx_word' id='word_1_169' title='bbox 432 1912 463 1975; x_wconf 87' lang='lat' dir='ltr'>J.</span> <span class='ocrx_word' id='word_1_170' title='bbox 491 1912 551 1974; x_wconf 88' lang='lat' dir='ltr'>filii</span> <span class='ocrx_word' id='word_1_171' title='bbox 577 1912 609 1974; x_wconf 93' lang='lat' dir='ltr'><strong>J.</strong></span> <span class='ocrx_word' id='word_1_172' title='bbox 634 1932 712 1993; x_wconf 83' lang='lat' dir='ltr'>quas</span> <span class='ocrx_word' id='word_1_173' title='bbox 736 1913 816 1975; x_wconf 85' lang='lat' dir='ltr'>dicti</span> <span class='ocrx_word' id='word_1_174' title='bbox 843 1915 992 1975; x_wconf 91' lang='lat' dir='ltr'>monachi</span> <span class='ocrx_word' id='word_1_175' title='bbox 1013 1915 1087 1976; x_wconf 91' lang='lat' dir='ltr'>inde</span> <span class='ocrx_word' id='word_1_176' title='bbox 1101 1916 1222 1979; x_wconf 88' lang='lat' dir='ltr'>habent</span> 
     </span>
    </p>

    <p class='ocr_par' dir='ltr' id='par_1_14' title="bbox 70 2008 1222 2091">
     <span class='ocr_line' id='line_1_18' title="bbox 70 2008 1222 2091; baseline 0.003 -20"><span class='ocrx_word' id='word_1_177' title='bbox 70 2008 198 2091; x_wconf 81' lang='lat' dir='ltr'>plenius</span> <span class='ocrx_word' id='word_1_178' title='bbox 224 2014 258 2071; x_wconf 90' lang='grc'>11</span> <span class='ocrx_word' id='word_1_179' title='bbox 281 2008 395 2070; x_wconf 88' lang='lat' dir='ltr'>melius</span> <span class='ocrx_word' id='word_1_180' title='bbox 421 2013 609 2090; x_wconf 82' lang='lat' dir='ltr'>proportant</span> <span class='ocrx_word' id='word_1_181' title='bbox 635 2012 863 2071; x_wconf 78' lang='lat' dir='ltr'>attestantur.</span> <span class='ocrx_word' id='word_1_182' title='bbox 909 2009 954 2071; x_wconf 86' lang='lat' dir='ltr'>Et</span> <span class='ocrx_word' id='word_1_183' title='bbox 978 2029 1037 2091; x_wconf 82' lang='lat' dir='ltr'>ego</span> <span class='ocrx_word' id='word_1_184' title='bbox 1064 2009 1222 2075; x_wconf 89' lang='lat' dir='ltr'>Robertus</span> 
     </span>
    </p>

    <p class='ocr_par' dir='ltr' id='par_1_15' title="bbox 69 2103 1221 2170">
     <span class='ocr_line' id='line_1_19' title="bbox 69 2103 1221 2170; baseline 0.003 -3"><span class='ocrx_word' id='word_1_185' title='bbox 69 2104 157 2167; x_wconf 86' lang='lat' dir='ltr'>filius</span> <span class='ocrx_word' id='word_1_186' title='bbox 171 2105 305 2167; x_wconf 85' lang='lat' dir='ltr'>Thomae</span> <span class='ocrx_word' id='word_1_187' title='bbox 319 2110 353 2166; x_wconf 91' lang='lat' dir='ltr'>et</span> <span class='ocrx_word' id='word_1_188' title='bbox 368 2104 435 2166; x_wconf 90' lang='lat' dir='ltr'>her.</span> <span class='ocrx_word' id='word_1_189' title='bbox 452 2122 496 2164; x_wconf 92' lang='lat' dir='ltr'>m.</span> <span class='ocrx_word' id='word_1_190' title='bbox 521 2103 604 2165; x_wconf 86' lang='lat' dir='ltr'>hano</span> <span class='ocrx_word' id='word_1_191' title='bbox 629 2105 863 2166; x_wconf 84' lang='lat' dir='ltr'>concessionem</span> <span class='ocrx_word' id='word_1_192' title='bbox 884 2112 918 2167; x_wconf 88' lang='lat' dir='ltr'>et</span> <span class='ocrx_word' id='word_1_193' title='bbox 944 2104 1221 2170; x_wconf 88' lang='lat' dir='ltr'>confirmacionem</span> 
     </span>
    </p>

    <p class='ocr_par' dir='ltr' id='par_1_16' title="bbox 69 2200 1222 2283">
     <span class='ocr_line' id='line_1_20' title="bbox 69 2200 1222 2283; baseline 0.002 -20"><span class='ocrx_word' id='word_1_194' title='bbox 69 2200 167 2263; x_wconf 85' lang='lat' dir='ltr'>dictis</span> <span class='ocrx_word' id='word_1_195' title='bbox 188 2222 252 2263; x_wconf 93' lang='lat' dir='ltr'>mo.</span> <span class='ocrx_word' id='word_1_196' title='bbox 279 2205 393 2263; x_wconf 84' lang='lat' dir='ltr'>contra</span> <span class='ocrx_word' id='word_1_197' title='bbox 416 2219 524 2261; x_wconf 87' lang='lat' dir='ltr'>omnes</span> <span class='ocrx_word' id='word_1_198' title='bbox 550 2200 696 2261; x_wconf 88' lang='lat' dir='ltr'>homines</span> <span class='ocrx_word' id='word_1_199' title='bbox 721 2221 794 2262; x_wconf 86' lang='lat' dir='ltr'>war.</span> <span class='ocrx_word' id='word_1_200' title='bbox 825 2202 858 2262; x_wconf 94' lang='lat' dir='ltr'>in</span> <span class='ocrx_word' id='word_1_201' title='bbox 890 2205 1092 2283; x_wconf 88' lang='lat' dir='ltr'>perpetuum.</span> <span class='ocrx_word' id='word_1_202' title='bbox 1148 2203 1222 2265; x_wconf 87' lang='lat' dir='ltr'>Hiis</span> 
     </span>
    </p>
   </div>
   <div class='ocr_carea' id='block_1_3' title="bbox 68 2297 217 2360">
    <p class='ocr_par' dir='ltr' id='par_1_17' title="bbox 68 2297 217 2360">
     <span class='ocr_line' id='line_1_21' title="bbox 68 2297 217 2360; baseline 0.007 -1"><span class='ocrx_word' id='word_1_203' title='bbox 68 2297 217 2360; x_wconf 82' lang='lat' dir='ltr'>testibus.</span> 
     </span>
    </p>
   </div>
   <div class='ocr_carea' id='block_1_4' title="bbox 65 2490 1395 3632">
    <p class='ocr_par' dir='ltr' id='par_1_18' title="bbox 65 2490 1395 3532">
     <span class='ocr_line' id='line_1_22' title="bbox 136 2490 1340 2578; baseline -0.001 -23"><span class='ocrx_word' id='word_1_204' title='bbox 136 2490 260 2570; x_wconf 84' lang='lat' dir='ltr'>Sciant,</span> <span class='ocrx_word' id='word_1_205' title='bbox 275 2497 337 2555; x_wconf 87' lang='lat' dir='ltr'>etc.</span> <span class='ocrx_word' id='word_1_206' title='bbox 354 2492 438 2575; x_wconf 93' lang='lat' dir='ltr'>quod</span> <span class='ocrx_word' id='word_1_207' title='bbox 453 2512 513 2575; x_wconf 85' lang='lat' dir='ltr'>ego</span> <span class='ocrx_word' id='word_1_208' title='bbox 529 2492 687 2555; x_wconf 87' lang='lat' dir='ltr'>Robertus</span> <span class='ocrx_word' id='word_1_209' title='bbox 701 2491 787 2553; x_wconf 90' lang='lat' dir='ltr'>filius</span> <span class='ocrx_word' id='word_1_210' title='bbox 798 2492 928 2554; x_wconf 88' lang='lat' dir='ltr'>Thomae</span> <span class='ocrx_word' id='word_1_211' title='bbox 944 2493 983 2554; x_wconf 89' lang='lat' dir='ltr'>de</span> <span class='ocrx_word' id='word_1_212' title='bbox 996 2493 1146 2557; x_wconf 84' lang='lat' dir='ltr'>Graistok</span> <span class='ocrx_word' id='word_1_213' title='bbox 1162 2516 1219 2578; x_wconf 92' lang='lat' dir='ltr'>pro</span> <span class='ocrx_word' id='word_1_214' title='bbox 1301 2504 1340 2570; x_wconf 72' lang='lat' dir='ltr'>iij·</span> 
     </span>
     <span class='ocr_line' id='line_1_23' title="bbox 67 2570 1365 2702; baseline 0.002 -52"><span class='ocrx_word' id='word_1_215' title='bbox 67 2586 127 2650; x_wconf 79' lang='lat' dir='ltr'>sal.</span> <span class='ocrx_word' id='word_1_216' title='bbox 150 2593 314 2651; x_wconf 73' lang='grc'><strong>11111111</strong></span> <span class='ocrx_word' id='word_1_217' title='bbox 332 2608 418 2651; x_wconf 92' lang='lat' dir='ltr'>omn.</span> <span class='ocrx_word' id='word_1_218' title='bbox 433 2593 537 2650; x_wconf 86' lang='lat' dir='ltr'>anteo.</span> <span class='ocrx_word' id='word_1_219' title='bbox 554 2592 588 2651; x_wconf 88' lang='lat' dir='ltr'>et</span> <span class='ocrx_word' id='word_1_220' title='bbox 602 2589 669 2650; x_wconf 91' lang='lat' dir='ltr'>her.</span> <span class='ocrx_word' id='word_1_221' title='bbox 686 2608 740 2664; x_wconf 91' lang='lat' dir='ltr'>m.,</span> <span class='ocrx_word' id='word_1_222' title='bbox 757 2608 843 2650; x_wconf 87' lang='lat' dir='ltr'>cono.</span> <span class='ocrx_word' id='word_1_223' title='bbox 860 2594 893 2649; x_wconf 86' lang='grc'>11</span> <span class='ocrx_word' id='word_1_224' title='bbox 908 2610 939 2670; x_wconf 91' lang='lat' dir='ltr'>p.</span> <span class='ocrx_word' id='word_1_225' title='bbox 955 2610 981 2651; x_wconf 88' lang='lat' dir='ltr'>c.</span> <span class='ocrx_word' id='word_1_226' title='bbox 1001 2611 1043 2653; x_wconf 92' lang='lat' dir='ltr'>m.</span> <span class='ocrx_word' id='word_1_227' title='bbox 1061 2592 1144 2653; x_wconf 83' lang='lat' dir='ltr'>conf.</span> <span class='ocrx_word' id='word_1_228' title='bbox 1160 2612 1218 2674; x_wconf 90' lang='lat' dir='ltr'>pro</span> <span class='ocrx_word' id='word_1_229' title='bbox 1243 2570 1365 2702; x_wconf 49' lang='lat' dir='ltr'>fflossf</span> 
     </span>
     <span class='ocr_line' id='line_1_24' title="bbox 67 2683 1395 2768; baseline 0.006 -23"><span class='ocrx_word' id='word_1_230' title='bbox 67 2703 122 2745; x_wconf 89' lang='lat' dir='ltr'>me</span> <span class='ocrx_word' id='word_1_231' title='bbox 145 2688 181 2747; x_wconf 85' lang='lat' dir='ltr'>et</span> <span class='ocrx_word' id='word_1_232' title='bbox 203 2683 272 2747; x_wconf 88' lang='grc'><strong>1111.</strong></span> <span class='ocrx_word' id='word_1_233' title='bbox 294 2705 339 2747; x_wconf 92' lang='lat' dir='ltr'>m.</span> <span class='ocrx_word' id='word_1_234' title='bbox 354 2685 388 2746; x_wconf 93' lang='lat' dir='ltr'>in</span> <span class='ocrx_word' id='word_1_235' title='bbox 412 2688 613 2766; x_wconf 85' lang='lat' dir='ltr'>perpetuum,</span> <span class='ocrx_word' id='word_1_236' title='bbox 636 2683 703 2745; x_wconf 86' lang='lat' dir='ltr'>Deo</span> <span class='ocrx_word' id='word_1_237' title='bbox 728 2689 761 2746; x_wconf 90' lang='grc'>11</span> <span class='ocrx_word' id='word_1_238' title='bbox 776 2684 850 2746; x_wconf 89' lang='lat' dir='ltr'>eccl.</span> <span class='ocrx_word' id='word_1_239' title='bbox 869 2683 901 2746; x_wconf 75' lang='lat' dir='ltr'><strong>S.</strong></span> <span class='ocrx_word' id='word_1_240' title='bbox 917 2685 964 2746; x_wconf 80' lang='lat' dir='ltr'><strong>M.</strong></span> <span class='ocrx_word' id='word_1_241' title='bbox 981 2687 1064 2749; x_wconf 89' lang='lat' dir='ltr'>Novi</span> <span class='ocrx_word' id='word_1_242' title='bbox 1079 2688 1168 2751; x_wconf 91' lang='lat' dir='ltr'>Mon.</span> <span class='ocrx_word' id='word_1_243' title='bbox 1184 2694 1218 2750; x_wconf 88' lang='lat' dir='ltr'>et</span> <span class='ocrx_word' id='word_1_244' title='bbox 1241 2703 1395 2768; x_wconf 74' lang='lat' dir='ltr'>lay,byR0b.</span> 
     </span>
     <span class='ocr_line' id='line_1_25' title="bbox 67 2768 1362 2884; baseline 0.005 -43"><span class='ocrx_word' id='word_1_245' title='bbox 67 2799 132 2843; x_wconf 90' lang='lat' dir='ltr'>mo.</span> <span class='ocrx_word' id='word_1_246' title='bbox 147 2780 271 2842; x_wconf 89' lang='lat' dir='ltr'>ibidem</span> <span class='ocrx_word' id='word_1_247' title='bbox 284 2780 354 2843; x_wconf 90' lang='lat' dir='ltr'>Deo</span> <span class='ocrx_word' id='word_1_248' title='bbox 365 2780 585 2854; x_wconf 83' lang='lat' dir='ltr'>servientibus,</span> <span class='ocrx_word' id='word_1_249' title='bbox 596 2781 631 2841; x_wconf 93' lang='lat' dir='ltr'>in</span> <span class='ocrx_word' id='word_1_250' title='bbox 642 2799 712 2861; x_wconf 91' lang='lat' dir='ltr'>pur.</span> <span class='ocrx_word' id='word_1_251' title='bbox 725 2785 758 2841; x_wconf 88' lang='lat' dir='ltr'>ct</span> <span class='ocrx_word' id='word_1_252' title='bbox 774 2800 860 2861; x_wconf 90' lang='lat' dir='ltr'>perp.</span> <span class='ocrx_word' id='word_1_253' title='bbox 870 2780 922 2856; x_wconf 91' lang='lat' dir='ltr'>el.,</span> <span class='ocrx_word' id='word_1_254' title='bbox 933 2781 1071 2844; x_wconf 86' lang='lat' dir='ltr'>solutam</span> <span class='ocrx_word' id='word_1_255' title='bbox 1082 2783 1216 2847; x_wconf 90' lang='lat' dir='ltr'>liberam</span> <span class='ocrx_word' id='word_1_256' title='bbox 1242 2768 1274 2817; x_wconf 74' lang='lat'>‘¹⁰</span> <span class='ocrx_word' id='word_1_257' title='bbox 1283 2770 1362 2884; x_wconf 65' lang='lat' dir='ltr'>⁰ka-</span> 
     </span>
     <span class='ocr_line' id='line_1_26' title="bbox 67 2841 1321 2958; baseline 0.005 -21"><span class='ocrx_word' id='word_1_258' title='bbox 67 2880 103 2937; x_wconf 85' lang='lat' dir='ltr'>et</span> <span class='ocrx_word' id='word_1_259' title='bbox 128 2878 272 2958; x_wconf 85' lang='lat' dir='ltr'>quietam</span> <span class='ocrx_word' id='word_1_260' title='bbox 287 2876 329 2939; x_wconf 94' lang='lat' dir='ltr'>ab</span> <span class='ocrx_word' id='word_1_261' title='bbox 352 2878 438 2939; x_wconf 92' lang='lat' dir='ltr'>omni</span> <span class='ocrx_word' id='word_1_262' title='bbox 454 2876 586 2938; x_wconf 88' lang='lat' dir='ltr'>servicio</span> <span class='ocrx_word' id='word_1_263' title='bbox 602 2881 687 2937; x_wconf 87' lang='lat' dir='ltr'>secta</span> <span class='ocrx_word' id='word_1_264' title='bbox 703 2895 786 2936; x_wconf 83' lang='lat' dir='ltr'>cons.</span> <span class='ocrx_word' id='word_1_265' title='bbox 803 2882 836 2938; x_wconf 89' lang='lat' dir='ltr'>et</span> <span class='ocrx_word' id='word_1_266' title='bbox 850 2896 965 2954; x_wconf 84' lang='lat' dir='ltr'>exacc,</span> <span class='ocrx_word' id='word_1_267' title='bbox 981 2884 1084 2941; x_wconf 85' lang='lat' dir='ltr'>totam</span> <span class='ocrx_word' id='word_1_268' title='bbox 1100 2890 1217 2943; x_wconf 89' lang='lat' dir='ltr'>terram</span> <span class='ocrx_word' id='word_1_269' title='bbox 1241 2841 1295 2883; x_wconf 53' lang='grc' dir='ltr'>Μ</span> <span class='ocrx_word' id='word_1_270' title='bbox 1315 2871 1321 2884; x_wconf 74' lang='grc'><strong>’</strong></span> 
     </span>
     <span class='ocr_line' id='line_1_27' title="bbox 66 2970 1376 3062; baseline 0.005 -27"><span class='ocrx_word' id='word_1_271' title='bbox 66 2971 316 3056; x_wconf 81' lang='lat' dir='ltr'>deMaydenlay</span> <span class='ocrx_word' id='word_1_272' title='bbox 328 2992 427 3055; x_wconf 87' lang='lat' dir='ltr'>quam</span> <span class='ocrx_word' id='word_1_273' title='bbox 443 2970 540 3054; x_wconf 84' lang='lat' dir='ltr'>Hugo</span> <span class='ocrx_word' id='word_1_274' title='bbox 556 2972 712 3033; x_wconf 88' lang='lat' dir='ltr'>heremita</span> <span class='ocrx_word' id='word_1_275' title='bbox 727 2973 888 3053; x_wconf 86' lang='lat' dir='ltr'>quondam</span> <span class='ocrx_word' id='word_1_276' title='bbox 904 2975 1063 3037; x_wconf 82' lang='lat' dir='ltr'>tenuiter</span> <span class='ocrx_word' id='word_1_277' title='bbox 1085 2977 1169 3038; x_wconf 92' lang='lat' dir='ltr'>dono</span> <span class='ocrx_word' id='word_1_278' title='bbox 1184 2978 1216 3040; x_wconf 92' lang='lat' dir='ltr'>J.</span> <span class='ocrx_word' id='word_1_279' title='bbox 1241 2999 1320 3062; x_wconf 79' lang='lat' dir='ltr'>Hugh</span> <span class='ocrx_word' id='word_1_280' title='bbox 1333 3001 1376 3049; x_wconf 71' lang='lat' dir='ltr'>she</span> 
     </span>
     <span class='ocr_line' id='line_1_28' title="bbox 68 3064 1348 3149; baseline 0.004 -18"><span class='ocrx_word' id='word_1_281' title='bbox 68 3066 129 3131; x_wconf 83' lang='lat' dir='ltr'>filii</span> <span class='ocrx_word' id='word_1_282' title='bbox 143 3069 175 3133; x_wconf 90' lang='lat' dir='ltr'>J.</span> <span class='ocrx_word' id='word_1_283' title='bbox 190 3069 231 3131; x_wconf 92' lang='lat' dir='ltr'>de</span> <span class='ocrx_word' id='word_1_284' title='bbox 246 3068 289 3131; x_wconf 92' lang='grc' dir='ltr'>Κ.</span> <span class='ocrx_word' id='word_1_285' title='bbox 334 3069 414 3130; x_wconf 87' lang='lat' dir='ltr'>Ten.</span> <span class='ocrx_word' id='word_1_286' title='bbox 430 3074 463 3130; x_wconf 89' lang='grc'>11</span> <span class='ocrx_word' id='word_1_287' title='bbox 477 3067 551 3129; x_wconf 87' lang='lat' dir='ltr'>hab.</span> <span class='ocrx_word' id='word_1_288' title='bbox 566 3067 664 3148; x_wconf 85' lang='lat' dir='ltr'>praed.</span> <span class='ocrx_word' id='word_1_289' title='bbox 680 3087 744 3129; x_wconf 93' lang='lat' dir='ltr'>mo.</span> <span class='ocrx_word' id='word_1_290' title='bbox 759 3068 794 3128; x_wconf 94' lang='lat' dir='ltr'>in</span> <span class='ocrx_word' id='word_1_291' title='bbox 810 3075 1012 3149; x_wconf 82' lang='lat' dir='ltr'>perpetuum,</span> <span class='ocrx_word' id='word_1_292' title='bbox 1027 3072 1106 3133; x_wconf 87' lang='lat' dir='ltr'>adeo</span> <span class='ocrx_word' id='word_1_293' title='bbox 1116 3073 1216 3136; x_wconf 87' lang='lat' dir='ltr'>libere</span> <span class='ocrx_word' id='word_1_294' title='bbox 1242 3064 1348 3115; x_wconf 70' lang='lat' dir='ltr'>Herma.</span> 
     </span>
     <span class='ocr_line' id='line_1_29' title="bbox 65 3162 1216 3248; baseline 0.002 -20"><span class='ocrx_word' id='word_1_295' title='bbox 65 3170 102 3229; x_wconf 82' lang='lat' dir='ltr'>et</span> <span class='ocrx_word' id='word_1_296' title='bbox 126 3166 236 3248; x_wconf 88' lang='lat' dir='ltr'>quiete</span> <span class='ocrx_word' id='word_1_297' title='bbox 259 3163 350 3227; x_wconf 82' lang='lat' dir='ltr'>sicud</span> <span class='ocrx_word' id='word_1_298' title='bbox 375 3163 483 3246; x_wconf 87' lang='lat' dir='ltr'>aliqua</span> <span class='ocrx_word' id='word_1_299' title='bbox 507 3162 548 3225; x_wconf 92' lang='lat' dir='ltr'>el.</span> <span class='ocrx_word' id='word_1_300' title='bbox 576 3162 709 3225; x_wconf 90' lang='lat' dir='ltr'>liberius</span> <span class='ocrx_word' id='word_1_301' title='bbox 724 3169 758 3224; x_wconf 90' lang='lat' dir='ltr'>et</span> <span class='ocrx_word' id='word_1_302' title='bbox 770 3164 912 3245; x_wconf 90' lang='lat' dir='ltr'>quiecius</span> <span class='ocrx_word' id='word_1_303' title='bbox 927 3166 1029 3226; x_wconf 91' lang='lat' dir='ltr'>teneri</span> <span class='ocrx_word' id='word_1_304' title='bbox 1045 3173 1150 3247; x_wconf 86' lang='lat' dir='ltr'>potest</span> <span class='ocrx_word' id='word_1_305' title='bbox 1167 3171 1216 3231; x_wconf 90' lang='lat' dir='ltr'>vel</span> 
     </span>
     <span class='ocr_line' id='line_1_30' title="bbox 66 3257 1216 3345; baseline 0.002 -22"><span class='ocrx_word' id='word_1_306' title='bbox 66 3261 230 3345; x_wconf 84' lang='lat' dir='ltr'>possideri,</span> <span class='ocrx_word' id='word_1_307' title='bbox 244 3281 320 3322; x_wconf 91' lang='lat' dir='ltr'>cum</span> <span class='ocrx_word' id='word_1_308' title='bbox 334 3279 420 3322; x_wconf 93' lang='lat' dir='ltr'>omn.</span> <span class='ocrx_word' id='word_1_309' title='bbox 432 3258 487 3321; x_wconf 92' lang='lat' dir='ltr'>lib.</span> <span class='ocrx_word' id='word_1_310' title='bbox 499 3265 533 3320; x_wconf 89' lang='lat' dir='ltr'>et</span> <span class='ocrx_word' id='word_1_311' title='bbox 547 3260 656 3320; x_wconf 90' lang='lat' dir='ltr'>asiam.</span> <span class='ocrx_word' id='word_1_312' title='bbox 672 3257 713 3319; x_wconf 89' lang='lat' dir='ltr'>ad</span> <span class='ocrx_word' id='word_1_313' title='bbox 729 3259 825 3339; x_wconf 87' lang='lat' dir='ltr'>praed.</span> <span class='ocrx_word' id='word_1_314' title='bbox 839 3265 958 3319; x_wconf 88' lang='lat' dir='ltr'>terram</span> <span class='ocrx_word' id='word_1_315' title='bbox 969 3261 1216 3340; x_wconf 63' lang='lat' dir='ltr'>pertinentibus</span> 
     </span>
     <span class='ocr_line' id='line_1_31' title="bbox 65 3353 1216 3438; baseline 0.001 -18"><span class='ocrx_word' id='word_1_316' title='bbox 65 3358 156 3420; x_wconf 84' lang='lat' dir='ltr'>sicud</span> <span class='ocrx_word' id='word_1_317' title='bbox 181 3361 279 3419; x_wconf 82' lang='lat' dir='ltr'>cartae</span> <span class='ocrx_word' id='word_1_318' title='bbox 303 3355 401 3438; x_wconf 82' lang='lat' dir='ltr'>praed.</span> <span class='ocrx_word' id='word_1_319' title='bbox 424 3354 581 3417; x_wconf 88' lang='lat' dir='ltr'>Johannis</span> <span class='ocrx_word' id='word_1_320' title='bbox 607 3360 642 3415; x_wconf 91' lang='lat' dir='ltr'>et</span> <span class='ocrx_word' id='word_1_321' title='bbox 667 3361 756 3415; x_wconf 88' lang='lat' dir='ltr'>carta</span> <span class='ocrx_word' id='word_1_322' title='bbox 771 3354 867 3436; x_wconf 87' lang='lat' dir='ltr'>praed.</span> <span class='ocrx_word' id='word_1_323' title='bbox 885 3353 1033 3435; x_wconf 84' lang='lat' dir='ltr'>Hugonis</span> <span class='ocrx_word' id='word_1_324' title='bbox 1048 3376 1125 3437; x_wconf 85' lang='lat' dir='ltr'>quas</span> <span class='ocrx_word' id='word_1_325' title='bbox 1141 3358 1216 3421; x_wconf 90' lang='lat' dir='ltr'>inde</span> 
     </span>
     <span class='ocr_line' id='line_1_32' title="bbox 65 3449 1214 3532; baseline 0.001 -17"><span class='ocrx_word' id='word_1_326' title='bbox 65 3452 188 3517; x_wconf 83' lang='lat' dir='ltr'>habant</span> <span class='ocrx_word' id='word_1_327' title='bbox 201 3452 282 3514; x_wconf 82' lang='lat' dir='ltr'>dicti</span> <span class='ocrx_word' id='word_1_328' title='bbox 296 3450 445 3512; x_wconf 86' lang='lat' dir='ltr'>monachi</span> <span class='ocrx_word' id='word_1_329' title='bbox 459 3449 587 3532; x_wconf 88' lang='lat' dir='ltr'>plenius</span> <span class='ocrx_word' id='word_1_330' title='bbox 603 3454 635 3511; x_wconf 89' lang='lat' dir='ltr'>et</span> <span class='ocrx_word' id='word_1_331' title='bbox 653 3449 767 3511; x_wconf 86' lang='lat' dir='ltr'>melius</span> <span class='ocrx_word' id='word_1_332' title='bbox 782 3455 972 3531; x_wconf 85' lang='lat' dir='ltr'>proportant</span> <span class='ocrx_word' id='word_1_333' title='bbox 988 3454 1020 3511; x_wconf 86' lang='lat' dir='ltr'>et</span> <span class='ocrx_word' id='word_1_334' title='bbox 1044 3457 1214 3517; x_wconf 87' lang='lat' dir='ltr'>testantur.</span> 
     </span>
    </p>

    <p class='ocr_par' dir='ltr' id='par_1_19' title="bbox 65 3545 1214 3632">
     <span class='ocr_line' id='line_1_33' title="bbox 65 3545 1214 3632; baseline 0.001 -21"><span class='ocrx_word' id='word_1_335' title='bbox 65 3548 110 3611; x_wconf 80' lang='lat' dir='ltr'>Et</span> <span class='ocrx_word' id='word_1_336' title='bbox 123 3568 185 3632; x_wconf 81' lang='lat' dir='ltr'>ego</span> <span class='ocrx_word' id='word_1_337' title='bbox 200 3548 359 3611; x_wconf 87' lang='lat' dir='ltr'>Robertus</span> <span class='ocrx_word' id='word_1_338' title='bbox 373 3553 408 3609; x_wconf 88' lang='lat' dir='ltr'>et</span> <span class='ocrx_word' id='word_1_339' title='bbox 419 3547 485 3608; x_wconf 88' lang='lat' dir='ltr'>her.</span> <span class='ocrx_word' id='word_1_340' title='bbox 496 3566 539 3606; x_wconf 95' lang='lat' dir='ltr'>m.</span> <span class='ocrx_word' id='word_1_341' title='bbox 549 3545 632 3606; x_wconf 86' lang='lat' dir='ltr'>hane</span> <span class='ocrx_word' id='word_1_342' title='bbox 645 3546 878 3607; x_wconf 88' lang='lat' dir='ltr'>concessionem</span> <span class='ocrx_word' id='word_1_343' title='bbox 893 3550 926 3606; x_wconf 87' lang='lat' dir='ltr'>et</span> <span class='ocrx_word' id='word_1_344' title='bbox 935 3546 1214 3612; x_wconf 86' lang='lat' dir='ltr'>confirmacionem</span> 
     </span>
    </p>
   </div>
   <div class='ocr_carea' id='block_1_5' title="bbox 64 3642 1043 3723">
    <p class='ocr_par' dir='ltr' id='par_1_20' title="bbox 64 3642 1043 3723">
     <span class='ocr_line' id='line_1_34' title="bbox 64 3642 1043 3723; baseline -0.005 -14"><span class='ocrx_word' id='word_1_345' title='bbox 64 3644 159 3709; x_wconf 85' lang='lat' dir='ltr'>dietis</span> <span class='ocrx_word' id='word_1_346' title='bbox 172 3665 238 3707; x_wconf 92' lang='lat' dir='ltr'>mo.</span> <span class='ocrx_word' id='word_1_347' title='bbox 254 3648 364 3705; x_wconf 87' lang='lat' dir='ltr'>contra</span> <span class='ocrx_word' id='word_1_348' title='bbox 379 3662 489 3704; x_wconf 90' lang='lat' dir='ltr'>omnes</span> <span class='ocrx_word' id='word_1_349' title='bbox 501 3661 573 3703; x_wconf 87' lang='lat' dir='ltr'>war.</span> <span class='ocrx_word' id='word_1_350' title='bbox 588 3642 623 3702; x_wconf 93' lang='lat' dir='ltr'>in</span> <span class='ocrx_word' id='word_1_351' title='bbox 638 3647 840 3723; x_wconf 85' lang='lat' dir='ltr'>perpetuum.</span> <span class='ocrx_word' id='word_1_352' title='bbox 887 3642 1043 3705; x_wconf 86' lang='lat' dir='ltr'>Testibus.</span> 
     </span>
    </p>
   </div>
   <div class='ocr_carea' id='block_1_6' title="bbox 60 3831 1385 4495">
    <p class='ocr_par' dir='ltr' id='par_1_21' title="bbox 60 3831 1385 4495">
     <span class='ocr_line' id='line_1_35' title="bbox 129 3831 1336 3927; baseline 0.003 -28"><span class='ocrx_word' id='word_1_353' title='bbox 129 3836 254 3916; x_wconf 85' lang='lat' dir='ltr'>Sciant,</span> <span class='ocrx_word' id='word_1_354' title='bbox 277 3840 341 3899; x_wconf 90' lang='lat' dir='ltr'>etc.</span> <span class='ocrx_word' id='word_1_355' title='bbox 365 3834 450 3917; x_wconf 90' lang='lat' dir='ltr'>quod</span> <span class='ocrx_word' id='word_1_356' title='bbox 476 3854 537 3918; x_wconf 87' lang='lat' dir='ltr'>ego</span> <span class='ocrx_word' id='word_1_357' title='bbox 560 3833 718 3895; x_wconf 88' lang='lat' dir='ltr'>Robertus</span> <span class='ocrx_word' id='word_1_358' title='bbox 742 3831 827 3895; x_wconf 87' lang='lat' dir='ltr'>filius</span> <span class='ocrx_word' id='word_1_359' title='bbox 848 3834 979 3897; x_wconf 83' lang='lat' dir='ltr'>Thomae</span> <span class='ocrx_word' id='word_1_360' title='bbox 1003 3837 1042 3898; x_wconf 89' lang='lat' dir='ltr'>de</span> <span class='ocrx_word' id='word_1_361' title='bbox 1059 3835 1211 3901; x_wconf 88' lang='lat' dir='ltr'>Graistok</span> <span class='ocrx_word' id='word_1_362' title='bbox 1286 3860 1336 3927; x_wconf 88' lang='lat' dir='ltr'>iiij·</span> 
     </span>
     <span class='ocr_line' id='line_1_36' title="bbox 63 3926 1360 4017; baseline -0.002 -20"><span class='ocrx_word' id='word_1_363' title='bbox 63 3952 120 4017; x_wconf 88' lang='lat' dir='ltr'>pro</span> <span class='ocrx_word' id='word_1_364' title='bbox 145 3932 204 3996; x_wconf 82' lang='lat' dir='ltr'>sal.</span> <span class='ocrx_word' id='word_1_365' title='bbox 227 3952 280 3996; x_wconf 82' lang='lat' dir='ltr'>an.</span> <span class='ocrx_word' id='word_1_366' title='bbox 295 3952 340 3993; x_wconf 88' lang='lat' dir='ltr'>m.</span> <span class='ocrx_word' id='word_1_367' title='bbox 356 3938 390 3993; x_wconf 86' lang='grc'>11</span> <span class='ocrx_word' id='word_1_368' title='bbox 405 3950 490 3993; x_wconf 92' lang='lat' dir='ltr'>omn.</span> <span class='ocrx_word' id='word_1_369' title='bbox 507 3934 610 3992; x_wconf 85' lang='lat' dir='ltr'>antec.</span> <span class='ocrx_word' id='word_1_370' title='bbox 627 3929 742 3991; x_wconf 90' lang='lat' dir='ltr'>ether.</span> <span class='ocrx_word' id='word_1_371' title='bbox 759 3950 816 4008; x_wconf 90' lang='lat' dir='ltr'>m.,</span> <span class='ocrx_word' id='word_1_372' title='bbox 831 3933 969 3992; x_wconf 85' lang='lat' dir='ltr'>concessi</span> <span class='ocrx_word' id='word_1_373' title='bbox 985 3938 1065 4013; x_wconf 89' lang='lat' dir='ltr'>etp.</span> <span class='ocrx_word' id='word_1_374' title='bbox 1081 3954 1109 3994; x_wconf 91' lang='lat' dir='ltr'>c.</span> <span class='ocrx_word' id='word_1_375' title='bbox 1126 3934 1209 3996; x_wconf 86' lang='lat' dir='ltr'>conf.</span> <span class='ocrx_word' id='word_1_376' title='bbox 1236 3926 1360 4005; x_wconf 58' lang='lat' dir='ltr'>omaspf</span> 
     </span>
     <span class='ocr_line' id='line_1_37' title="bbox 61 3990 1385 4121; baseline -0.001 -29"><span class='ocrx_word' id='word_1_377' title='bbox 61 4048 120 4111; x_wconf 89' lang='lat' dir='ltr'>pro</span> <span class='ocrx_word' id='word_1_378' title='bbox 144 4048 198 4092; x_wconf 87' lang='lat' dir='ltr'>me</span> <span class='ocrx_word' id='word_1_379' title='bbox 219 4034 253 4091; x_wconf 89' lang='grc'>11</span> <span class='ocrx_word' id='word_1_380' title='bbox 270 4027 339 4090; x_wconf 86' lang='lat' dir='ltr'>hor.</span> <span class='ocrx_word' id='word_1_381' title='bbox 354 4048 399 4088; x_wconf 92' lang='lat' dir='ltr'>m.</span> <span class='ocrx_word' id='word_1_382' title='bbox 413 4027 448 4089; x_wconf 92' lang='lat' dir='ltr'>in</span> <span class='ocrx_word' id='word_1_383' title='bbox 463 4030 664 4109; x_wconf 88' lang='lat' dir='ltr'>perpetuum,</span> <span class='ocrx_word' id='word_1_384' title='bbox 679 4025 747 4087; x_wconf 88' lang='lat' dir='ltr'>Deo</span> <span class='ocrx_word' id='word_1_385' title='bbox 762 4032 795 4087; x_wconf 90' lang='lat' dir='ltr'>et</span> <span class='ocrx_word' id='word_1_386' title='bbox 810 4025 886 4088; x_wconf 88' lang='lat' dir='ltr'>eccl.</span> <span class='ocrx_word' id='word_1_387' title='bbox 904 4026 935 4089; x_wconf 89' lang='lat' dir='ltr'><strong>S.</strong></span> <span class='ocrx_word' id='word_1_388' title='bbox 953 4027 998 4089; x_wconf 92' lang='grc' dir='ltr'>Μ.</span> <span class='ocrx_word' id='word_1_389' title='bbox 1015 4027 1099 4089; x_wconf 85' lang='lat' dir='ltr'>Novi</span> <span class='ocrx_word' id='word_1_390' title='bbox 1119 4028 1208 4093; x_wconf 90' lang='lat' dir='ltr'>Mon.</span> <span class='ocrx_word' id='word_1_391' title='bbox 1234 3990 1385 4121; x_wconf 50' lang='lat' dir='ltr'>g‘fflh,</span> 
     </span>
     <span class='ocr_line' id='line_1_38' title="bbox 61 4122 1381 4204; baseline 0.002 -18"><span class='ocrx_word' id='word_1_392' title='bbox 61 4129 175 4187; x_wconf 86' lang='lat' dir='ltr'>etmo.</span> <span class='ocrx_word' id='word_1_393' title='bbox 188 4124 311 4187; x_wconf 89' lang='lat' dir='ltr'>ibidem</span> <span class='ocrx_word' id='word_1_394' title='bbox 334 4123 404 4186; x_wconf 87' lang='lat' dir='ltr'>Deo</span> <span class='ocrx_word' id='word_1_395' title='bbox 418 4122 637 4198; x_wconf 73' lang='lat' dir='ltr'>servientibus,</span> <span class='ocrx_word' id='word_1_396' title='bbox 664 4122 697 4182; x_wconf 91' lang='lat' dir='ltr'>in</span> <span class='ocrx_word' id='word_1_397' title='bbox 724 4142 792 4204; x_wconf 88' lang='lat' dir='ltr'>pur.</span> <span class='ocrx_word' id='word_1_398' title='bbox 819 4128 853 4183; x_wconf 88' lang='grc'>11</span> <span class='ocrx_word' id='word_1_399' title='bbox 876 4142 964 4203; x_wconf 92' lang='lat' dir='ltr'>perp.</span> <span class='ocrx_word' id='word_1_400' title='bbox 992 4122 1045 4198; x_wconf 88' lang='lat' dir='ltr'>el.,</span> <span class='ocrx_word' id='word_1_401' title='bbox 1069 4123 1208 4187; x_wconf 85' lang='lat' dir='ltr'>solutam</span> <span class='ocrx_word' id='word_1_402' title='bbox 1234 4122 1381 4189; x_wconf 67' lang='lat' dir='ltr'>Gnyssoek,</span> 
     </span>
     <span class='ocr_line' id='line_1_39' title="bbox 60 4220 1207 4304; baseline -0.003 -18"><span class='ocrx_word' id='word_1_403' title='bbox 60 4220 195 4285; x_wconf 85' lang='lat' dir='ltr'>liberam</span> <span class='ocrx_word' id='word_1_404' title='bbox 209 4228 243 4284; x_wconf 89' lang='lat' dir='ltr'>et</span> <span class='ocrx_word' id='word_1_405' title='bbox 257 4222 400 4304; x_wconf 89' lang='lat' dir='ltr'>quietam</span> <span class='ocrx_word' id='word_1_406' title='bbox 415 4220 457 4282; x_wconf 90' lang='lat' dir='ltr'>ab</span> <span class='ocrx_word' id='word_1_407' title='bbox 471 4239 556 4281; x_wconf 90' lang='lat' dir='ltr'>omn.</span> <span class='ocrx_word' id='word_1_408' title='bbox 572 4239 652 4280; x_wconf 88' lang='lat' dir='ltr'>serv.</span> <span class='ocrx_word' id='word_1_409' title='bbox 669 4223 755 4279; x_wconf 86' lang='lat' dir='ltr'>secta</span> <span class='ocrx_word' id='word_1_410' title='bbox 769 4238 853 4279; x_wconf 89' lang='lat' dir='ltr'>cons.</span> <span class='ocrx_word' id='word_1_411' title='bbox 866 4224 899 4281; x_wconf 91' lang='lat' dir='ltr'>et</span> <span class='ocrx_word' id='word_1_412' title='bbox 914 4239 1031 4297; x_wconf 77' lang='lat' dir='ltr'>exacc,</span> <span class='ocrx_word' id='word_1_413' title='bbox 1041 4221 1207 4303; x_wconf 81' lang='lat' dir='ltr'>grangiam</span> 
     </span>
     <span class='ocr_line' id='line_1_40' title="bbox 61 4314 1208 4400; baseline 0.002 -21"><span class='ocrx_word' id='word_1_414' title='bbox 61 4336 151 4379; x_wconf 82' lang='lat' dir='ltr'>nram</span> <span class='ocrx_word' id='word_1_415' title='bbox 165 4337 236 4400; x_wconf 71' lang='lat' dir='ltr'>quie</span> <span class='ocrx_word' id='word_1_416' title='bbox 250 4321 383 4379; x_wconf 88' lang='lat' dir='ltr'>vocatur</span> <span class='ocrx_word' id='word_1_417' title='bbox 397 4314 560 4391; x_wconf 87' lang='lat' dir='ltr'>Werihill,</span> <span class='ocrx_word' id='word_1_418' title='bbox 575 4319 610 4375; x_wconf 91' lang='lat' dir='ltr'>et</span> <span class='ocrx_word' id='word_1_419' title='bbox 625 4333 734 4374; x_wconf 86' lang='lat' dir='ltr'>omnes</span> <span class='ocrx_word' id='word_1_420' title='bbox 749 4320 849 4373; x_wconf 83' lang='lat' dir='ltr'>terras</span> <span class='ocrx_word' id='word_1_421' title='bbox 864 4335 937 4375; x_wconf 88' lang='lat' dir='ltr'>eum</span> <span class='ocrx_word' id='word_1_422' title='bbox 954 4316 1069 4395; x_wconf 81' lang='lat' dir='ltr'>pertin.</span> <span class='ocrx_word' id='word_1_423' title='bbox 1081 4318 1153 4393; x_wconf 91' lang='lat' dir='ltr'>suis,</span> <span class='ocrx_word' id='word_1_424' title='bbox 1175 4326 1208 4382; x_wconf 89' lang='lat' dir='ltr'>et</span> 
     </span>
     <span class='ocr_line' id='line_1_41' title="bbox 62 4408 1208 4495; baseline 0.003 -20"><span class='ocrx_word' id='word_1_425' title='bbox 62 4418 205 4495; x_wconf 80' lang='lat' dir='ltr'>pastmas</span> <span class='ocrx_word' id='word_1_426' title='bbox 214 4418 249 4475; x_wconf 84' lang='lat' dir='ltr'>et</span> <span class='ocrx_word' id='word_1_427' title='bbox 264 4431 314 4474; x_wconf 86' lang='lat' dir='ltr'>res</span> <span class='ocrx_word' id='word_1_428' title='bbox 329 4419 362 4475; x_wconf 86' lang='lat' dir='ltr'>st</span> <span class='ocrx_word' id='word_1_429' title='bbox 377 4411 584 4494; x_wconf 86' lang='lat' dir='ltr'>possessiones</span> <span class='ocrx_word' id='word_1_430' title='bbox 599 4429 676 4491; x_wconf 89' lang='lat' dir='ltr'>quas</span> <span class='ocrx_word' id='word_1_431' title='bbox 691 4408 811 4476; x_wconf 78' lang='lat' dir='ltr'>habent</span> <span class='ocrx_word' id='word_1_432' title='bbox 833 4409 869 4477; x_wconf 87' lang='lat' dir='ltr'>in</span> <span class='ocrx_word' id='word_1_433' title='bbox 892 4409 969 4472; x_wconf 87' lang='lat' dir='ltr'>villa</span> <span class='ocrx_word' id='word_1_434' title='bbox 992 4417 1026 4474; x_wconf 87' lang='grc'>11</span> <span class='ocrx_word' id='word_1_435' title='bbox 1046 4414 1208 4478; x_wconf 84' lang='lat' dir='ltr'>territorio</span> 
     </span>
    </p>
   </div>
   <div class='ocr_carea' id='block_1_7' title="bbox 624 4516 647 4566">
    <p class='ocr_par' dir='ltr' id='par_1_22' title="bbox 624 4516 647 4566">
     <span class='ocr_line' id='line_1_42' title="bbox 624 4516 647 4566; baseline 0 0"><span class='ocrx_word' id='word_1_436' title='bbox 624 4516 647 4566; x_wconf 88' lang='lat'><strong>1.</strong></span> 
     </span>
    </p>
   </div>
   <div class='ocr_carea' id='block_1_8' title="bbox 0 0 1474 5048">
    <p class='ocr_par' dir='ltr' id='par_1_23' title="bbox 0 0 1474 5048">
     <span class='ocr_line' id='line_1_43' title="bbox 0 0 1474 5048; baseline 0 6"><span class='ocrx_word' id='word_1_437' title='bbox 0 0 1474 5048; x_wconf 95' lang='lat' dir='ltr'> </span> 
     </span>
    </p>
   </div>
  </div>
 </body>
</html>
