2940 5048
453 343 502 396 ns
527 345 621 398 roro
647 345 882 399 uorrsrsaio.
1369 331 1416 401 49

71 506 236 591 jacturas,
251 518 286 575 et
300 516 522 596 oppressiones
536 534 607 597 quae
622 514 735 577 dilecti
754 515 845 577 nobis
867 518 901 577 in
926 516 1053 580 Christo
1075 516 1097 579 J
1099 517 1239 580 ohannes
1264 526 1377 590 nemag

77 605 181 669 abbas
196 606 283 671 Novi
299 608 388 672 Mon.
406 614 441 672 et
462 610 605 693 ejusdem
626 610 689 672 loci
716 618 891 674 conventus
916 633 972 695 per
996 613 1122 675 crebras
1148 614 1239 675 inva-
1264 592 1401 722 3ss³⁰st

77 702 187 765 aiones
202 708 239 767 et
251 704 494 769 devastaciones
504 706 689 770 Scottorum
704 709 936 783 sustinuerunt,
948 714 982 770 et
994 710 1035 771 ad
1046 710 1238 772 instanciam
1263 723 1370 775 Kallas.

79 798 220 863 illustris
242 801 366 865 domini
393 804 479 885 regis
494 803 636 865 Edvardi
661 803 801 885 Angliae,
817 811 974 886 quantum
1001 806 1035 867 in
1062 806 1153 868 nobis
1177 810 1238 884 est,

79 898 300 960 concessimus
324 904 360 960 et
385 901 536 981 praesenti
560 899 679 981 scripto
706 904 815 961 nostro
842 901 1037 963 auctoritate
1063 901 1237 985 episcopali

80 992 311 1056 confirmamus
334 1006 369 1056 et
393 994 541 1057 volumus
570 995 654 1077 quod
685 995 787 1057 iidem
816 996 915 1058 abbas
941 1002 975 1059 et
1004 1004 1177 1060 conventus
1204 1004 1238 1060 et
1268 1012 1400 1063 unacum

81 1108 197 1152 eorum
211 1110 403 1154 successores
418 1092 558 1154 habeant
573 1097 608 1153 et
620 1098 752 1153 teneant
762 1094 943 1154 manerium
955 1114 1047 1154 suum
1062 1095 1101 1157 de
1112 1093 1238 1177 Chepp-
1262 1078 1384 1129 mah·

81 1185 156 1247 vell
178 1186 212 1248 in
235 1187 372 1270 separali
399 1188 490 1270 (24a)
512 1208 568 1250 suo
591 1188 680 1249 omni
710 1193 854 1269 tempore
876 1190 954 1251 anni
978 1191 1011 1251 in
1035 1196 1237 1272 perpetuum,

81 1280 173 1345 salvo
183 1282 258 1366 jure
272 1284 444 1367 cujuslibet
458 1284 601 1361 alterius,
617 1290 717 1346 terras
732 1290 767 1345 et
782 1284 892 1347 boscos
907 1291 942 1347 et
957 1291 1142 1348 tenemento
1153 1288 1238 1350 infra

81 1377 203 1442 divisas
221 1380 417 1463 subscriptas
432 1385 595 1456 contenta,
610 1379 775 1457 videlicet,
788 1381 972 1463 incipiendo
987 1382 1043 1443 ubi
1058 1381 1238 1446 Milkewel·

80 1474 166 1538 burn
182 1474 272 1538 cadit
282 1476 316 1538 in
328 1477 490 1554 Deruent,
499 1482 533 1539 et
544 1478 590 1538 sic
601 1477 801 1539 ascendendo
812 1498 910 1559 usque
925 1478 1069 1540 advetus
1084 1479 1238 1542 fossatum

82 1592 180 1633 snum
202 1572 242 1635 de
268 1573 459 1650 Ravenside,
484 1578 519 1635 et
544 1574 589 1634 sic
614 1572 654 1634 de
679 1574 824 1636 cornerio
844 1572 933 1635 illius
952 1574 1062 1636 fossati
1078 1576 1238 1658 sequendo

82 1668 247 1751 quoddam
268 1668 358 1732 aliud
380 1676 474 1732 vetus
495 1669 650 1731 fossatum
672 1689 779 1731 versus
802 1670 960 1732 orientem
982 1691 1039 1753 per
1061 1671 1238 1734 bercariam

82 1765 276 1828 orientalem
291 1767 392 1849 ipsius
402 1765 539 1841 abbatis,
554 1771 589 1827 et
604 1766 649 1827 sic
664 1765 884 1828 descendendo
900 1787 956 1848 per
971 1768 1131 1849 quendam
1151 1769 1238 1829 rivu-

82 1859 153 1922 lum
173 1862 230 1944 qui
252 1868 386 1925 vocatur
407 1862 439 1925 le
460 1860 640 1924 Wodclouk
655 1862 812 1944 usquead
835 1863 866 1924 le
888 1861 1036 1925 Stocstill
1059 1864 1236 1926 secundum

81 1957 169 2039 quod
181 1974 299 2020 novum
310 1958 467 2022 fossatum
480 1958 625 2021 levatum
639 1962 699 2035 est,
710 1965 745 2020 et
759 1959 805 2021 sic
820 1959 1013 2021 transeundo
1027 1980 1084 2042 per
1096 1966 1236 2021 veterem

80 2053 199 2134 heyam
213 2074 313 2138 usque
328 2056 370 2118 ad
385 2056 523 2117 divisam
538 2054 625 2117 inter
635 2053 803 2117 baroniam
818 2055 858 2116 de
873 2053 1093 2137 Wynlautonn
1109 2062 1143 2116 et
1155 2056 1236 2117 dicti

81 2151 221 2212 manerii
246 2150 288 2214 de
312 2150 507 2234 Cheppwelb
531 2151 634 2211 etsie
658 2150 877 2212 descendendo
902 2169 958 2231 per
989 2151 1104 2231 hayam
1136 2152 1236 2233 ipsius

80 2245 209 2309 abbatis
231 2248 317 2310 inter
332 2248 465 2310 boscum
480 2266 573 2308 suum
588 2250 623 2307 et
637 2252 758 2309 terram
773 2247 895 2308 cultam
910 2267 1009 2328 usque
1025 2248 1058 2308 in
1074 2247 1234 2310 Derwent.

81 2342 136 2405 Ita
150 2349 261 2407 tamen
276 2345 363 2428 quod
378 2345 406 2406 si
420 2345 527 2406 averia
542 2348 650 2406 nostra
665 2343 717 2406 vel
740 2344 894 2405 animalia
917 2350 1026 2405 nostra
1050 2345 1099 2406 vel
1122 2352 1235 2407 tenen-

80 2441 169 2500 cium
192 2446 376 2503 nostrorum
398 2445 530 2523 propter
552 2439 714 2501 defectum
744 2440 913 2502 clausturae
942 2440 1067 2502 dictum
1094 2442 1234 2524 separale

79 2534 286 2613 intraverint,
315 2538 385 2599 sine
410 2536 560 2619 pareagio
590 2534 638 2597 vel
665 2534 729 2597 alio
754 2537 986 2617 impedimento
1010 2539 1120 2620 quieta
1143 2559 1234 2600 exca-

78 2631 216 2694 cientur.
262 2632 301 2694 In
330 2632 423 2716 cujus
452 2634 498 2695 rei
523 2633 757 2694 testimonium.
816 2631 937 2693 Datum
970 2633 1055 2715 apud
1082 2632 1232 2711 Stokton‚

77 2727 194 2809 vigilia
207 2728 317 2791 Mat-hi
331 2728 468 2812 apostoli
483 2747 567 2790 anno
583 2728 715 2790 Domini
732 2736 780 2788 m⁰
795 2735 863 2790 ccc⁰
877 2735 964 2791 ΝΜ.
1257 2753 1308 2788 aa.
1323 2743 1394 2790 1315.

148 2924 237 2990 Prior
268 2925 451 2990 Galiridus¹
484 2947 558 2989 cum
582 2932 742 2989 conventu
769 2926 909 2989 ratificat
933 2931 1168 2991 concessionem
1198 2935 1231 2990 et
1311 2926 1349 2992 ¹J'·

76 3022 359 3087 confirmacionem
375 3025 516 3106 episcopi
532 3024 572 3086 de
587 3023 683 3086 verbo
699 3025 733 3085 in
749 3023 892 3086 verbum.
1256 2994 1392 3124 gssssflffa'

1256 3126 1329 3174 Prior

143 3214 342 3293 †Omnibus‚
357 3222 432 3278 etc.a
461 3216 622 3278 Robertus
632 3237 738 3278 comes
750 3217 790 3279 de
804 3218 942 3298 atnepos,
955 3216 1102 3278 salutem.
1146 3218 1178 3279 N
1179 3240 1228 3281 ov.
1255 3193 1377 3313 Geoffrpy.

73 3310 162 3394 quod
182 3330 258 3374 eum
280 3311 443 3374 Johannes
458 3311 539 3374 Abb.
555 3311 641 3373 Novi
663 3312 752 3374 Mon.
778 3316 994 3394 recuperasset
1017 3332 1073 3393 per
1097 3314 1228 3374 assisam
1254 3299 1389 3398 Condbna-

72 3427 167 3471 novae
197 3408 372 3470 disseisinae
402 3428 509 3470 coram
548 3406 712 3470 Guicbard
740 3408 779 3471 de
817 3408 948 3472 Carrom
975 3413 1009 3469 et
1033 3409 1126 3469 sociis
1153 3409 1229 3487 suis,
1253 3414 1346 3464 tionof

68 3504 263 3585 justiciariis
284 3504 407 3567 domini
430 3503 590 3579 Antonii,³
604 3505 744 3586 episcopi
760 3504 910 3567 Dunelm.
927 3505 1014 3586 apud
1028 3503 1227 3568 Dunelmum
1251 3480 1391 3610 gollim

72 3600 259 3682 assignatis,
273 3619 359 3662 anno
389 3600 481 3682 regni
509 3600 594 3682 regis
620 3599 769 3662 Edwardi
794 3599 857 3661 filii
882 3602 966 3682 regis
990 3600 1124 3663 Henrici
1151 3611 1227 3664 xxx⁰
1252 3613 1303 3662 sari
1316 3614 1345 3661 of

73 3701 201 3778 quarto,
215 3716 318 3758 unum
328 3696 545 3778 messuagium
559 3701 593 3757 et
608 3695 650 3778 vij
668 3716 756 3758 acras
770 3701 864 3759 terrae
879 3717 954 3758 cum
970 3699 1176 3778 pertinenciis
1191 3701 1225 3761 in
1251 3681 1345 3742 angus.

73 3790 269 3875 Cbeppwelb
292 3792 378 3855 infra
399 3791 585 3854 libertatem
600 3793 802 3875 episcopatus
816 3792 981 3871 Dunelm.,
997 3815 1103 3856 versus
1121 3794 1225 3857 domi·
1250 3760 1399 3879 ΞζΕῗζόόῙ

73 3908 152 3951 num
167 3886 357 3952 Gilbertum
371 3888 411 3950 de
427 3887 605 3951 Umfrauill
627 3882 782 3950 comitem
797 3886 939 3971 d‘Angus
963 3894 1088 3971 patrem
1105 3909 1225 3970 meum,

73 3988 106 4045 et
119 3991 278 4067 praeterea
291 3984 379 4047 idem
403 3983 569 4048 Gilbertus
591 3985 729 4047 eundem
752 3984 901 4048 abbatem
926 3986 966 4047 de
990 3985 1110 4046 eisdem
1135 3990 1225 4048 tene·

72 4161 205 4236 lishopric
216 4162 255 4235 by
267 4161 389 4218 Scottisb
401 4162 492 4233 sorays
504 4162 601 4217 atthis
613 4162 689 4229 time,
701 4180 744 4216 sss
757 4162 931 4233 Grsystanes,
944 4161 971 4215 in
993 4163 1137 4233 Serptora
1154 4166 1223 4235 Tres,

74 4240 144 4296 Sarte
157 4242 217 4297 Soc.
230 4240 285 4295 rol.
298 4240 335 4295 im
349 4259 375 4312 p.
388 4242 432 4295 94.

125 4322 134 4353 ¹
153 4318 283 4390 Geoffrcy
295 4318 329 4373 ds
341 4318 462 4387 Burdon,
475 4334 530 4374 an.
545 4320 712 4374 1313-1322.

124 4399 136 4431 ²
154 4398 220 4454 This
231 4402 313 4469 entry
323 4398 349 4452 is
360 4398 523 4471 misplaced;
541 4397 692 4466 racheles,
705 4416 723 4468 p
745 4399 788 4451 51.

128 4478 140 4511 ⁸
158 4478 274 4548 antony
286 4475 368 4545 Beck,
380 4492 435 4532 an.
451 4477 618 4531 lasalalo.

443 4600 446 4605 >
640 4582 659 4624 Ε
