2940 5048
440 369 488 422 nn
513 370 608 423 novo
634 369 870 423 uoumrsruo.
1379 356 1400 422 Β

75 538 232 602 heredum
255 560 402 602 meorum
427 539 511 617 ded,
538 560 627 603 conc.
648 544 682 603 et
703 559 794 622 praes.
811 544 898 603 carta
913 560 986 604 mea
1001 541 1084 603 conf.
1100 540 1169 604 Deo
1193 544 1227 602 et
1252 547 1339 612 Upper

76 635 114 697 Β.
140 636 266 710 Maria,
292 636 365 698 abb.
392 640 426 698 et
450 656 537 699 mon.
563 636 647 699 Nov.
672 636 763 698 Mon.
788 640 823 698 et
848 657 958 700 eorum
987 636 1227 712 successoribus,
1250 613 1288 728 {a
1267 616 1381 746 yllbgyer

75 734 112 794 in
143 731 212 807 lib.‚
242 754 325 815 pun,
354 738 389 796 et
418 753 507 815 perp
538 732 591 812 eh,
621 732 687 795 cult
675 739 781 795 turam
814 753 886 814 quae
915 740 1046 796 vocatur
1078 734 1228 816 Superior
1252 745 1302 796 111.

77 827 232 911 Familey
247 833 281 891 et
295 834 403 892 totum
424 829 556 891 boscum
577 833 611 891 et
633 827 737 891 solum
761 827 904 910 ejusdem
928 830 1015 892 bosci
1033 849 1072 891 ex
1094 829 1228 892 australi
1252 812 1290 860 Fa
1273 811 1379 888 empty

76 929 170 1006 parte
207 924 386 1006 Superioris
423 925 557 1007 Farnily
590 945 689 1007 usque
725 926 766 987 ad
803 931 921 988 terram
960 946 1066 988 meam
1106 926 1173 988 cult
1160 931 1227 988 tam
1252 894 1349 943 sscmop

78 1041 185 1083 versus
215 1028 371 1099 austrum,
394 1021 557 1095 videlicet,
572 1021 662 1083 sicud
693 1020 887 1083 clauduntur
913 1022 1040 1098 fossato,
1065 1023 1131 1083 et
1121 1042 1228 1105 rpsum

77 1119 233 1179 fossatum
247 1138 267 1180 a
281 1116 457 1199 Wanspilre
472 1118 558 1179 inter·
575 1116 778 1199 Superiorem
801 1124 835 1179 et
860 1117 1050 1181 Interiorem
1065 1118 1228 1201 Familey,

77 1220 112 1275 et
126 1215 172 1275 sic
188 1234 245 1296 per
259 1214 404 1275 medium
418 1213 506 1274 bosci
521 1233 626 1275 versus
642 1217 785 1275 austrum
800 1234 899 1295 usque
914 1213 955 1276 ad
972 1213 1092 1276 dictam
1108 1219 1227 1277 terram

77 1311 212 1388 cultam,
237 1315 270 1372 et
300 1311 346 1372 sic
370 1330 427 1392 per
450 1310 604 1372 fossatum
630 1310 716 1371 inter
739 1317 860 1372 terram
884 1310 1005 1373 cultam
1032 1316 1066 1373 et
1095 1312 1227 1375 boscum

77 1426 186 1468 versus
201 1406 400 1469 occidentem
417 1426 515 1488 usque
530 1405 571 1468 ad
587 1406 735 1487 antiquas
746 1406 864 1468 divisas
876 1408 1102 1489 praedictorum
1115 1427 1227 1470 mona·

77 1503 223 1564 chorum.
246 1502 300 1564 Ita
309 1506 419 1564 tamen
428 1501 514 1584 quod
529 1501 680 1585 Superior
695 1501 847 1583 Familey
857 1500 1039 1583 specialiter
1054 1501 1228 1584 deputetur

77 1599 167 1680 operi
194 1598 336 1661 ecclesiae
350 1598 435 1660 Novi
452 1597 642 1659 Monasterii
663 1598 698 1659 in
721 1603 923 1680 perpetuum.
965 1597 1125 1660 Praeterea
1140 1598 1227 1673 dedi,

78 1714 169 1756 conc.
185 1699 265 1777 etp.
281 1715 310 1756 c.
325 1715 369 1756 m.
386 1694 471 1756 conf.
487 1693 606 1756 eisdem
622 1694 787 1755 monacbis
807 1698 841 1756 et
865 1713 976 1756 eorum
999 1693 1228 1756 successoribus

78 1792 116 1853 in
141 1790 199 1852 lib.
223 1811 294 1872 ριιι.
319 1794 353 1852 et
376 1810 464 1872 perp.
488 1789 530 1851 el.
555 1789 717 1871 quandam
746 1788 891 1871 placeam
920 1791 1008 1851 inter
1030 1789 1159 1852 boscum
1187 1789 1228 1851 dc

78 1885 302 1968 Cottingwode
327 1892 359 1948 et
382 1907 500 1969 aquam
524 1885 564 1948 de
588 1885 775 1967 Wanspike,
790 1885 925 1961 scilicet,
946 1886 1033 1967 apud
1057 1884 1227 1947 Blindwell
1249 1906 1335 1957 stone-

77 1983 171 2045 sicud
195 1982 355 2045 clauditur
377 1982 505 2056 fossato,
520 1981 561 2043 ad
585 1980 768 2043 habendum
791 1982 840 2043 ibi
861 1980 1051 2062 lapidicium
1066 1979 1119 2042 vel
1138 1981 1228 2043 aliud
1251 1989 1352 2038 quarry.

77 2078 303 2161 quodcumque
319 2079 522 2140 commodum
537 2077 577 2138 de
597 2076 709 2138 eadem
725 2076 837 2158 placea
852 2075 1033 2138 faciendum
1055 2077 1229 2139 secundum

79 2195 191 2236 eorum
206 2175 419 2237 voluntatem.
465 2176 510 2237 Et
534 2173 648 2235 licebit
672 2172 791 2234 eisdem
802 2173 967 2234 monachis
982 2179 1016 2235 et
1032 2192 1143 2234 eorum
1158 2193 1229 2234 suc·

80 2271 256 2333 cessoribus
271 2272 381 2333 omnia
391 2270 546 2352 praedicta
556 2269 673 2331 fossata
685 2289 847 2344 renovare,
857 2288 1004 2351 reparare
1016 2273 1050 2330 et
1058 2270 1228 2331 emendare

80 2367 151 2428 sine
169 2367 425 2429 contradiccione
449 2367 513 2428 mei
533 2365 584 2428 vel
602 2365 756 2427 heredum
772 2384 916 2427 meorum
941 2366 1229 2448 quocienscumque

81 2467 117 2524 et
137 2462 403 2545 quandocumque
429 2461 492 2523 sibi
520 2462 662 2524 viderint
691 2461 852 2543 expedire.
909 2461 989 2524 Haec
1014 2463 1124 2524 omnia
1148 2482 1230 2545 prae·

80 2559 169 2621 dicta
185 2558 348 2621 habebunt
364 2564 397 2621 et
408 2558 565 2620 tenebunt
579 2558 661 2619 dicti
671 2558 821 2619 monachi
832 2561 985 2619 eteorum
995 2577 1184 2620 successores
1194 2559 1229 2619 in
1295 2623 1298 2627 ,

79 2660 274 2738 perpetuum
288 2655 328 2716 de
339 2675 392 2716 me
402 2653 611 2716 etheredibus
621 2655 700 2716 meis
715 2653 784 2715 sine
798 2652 907 2735 aliquo
919 2659 1138 2717 retenemento
1150 2652 1230 2738 (ab),

80 2751 197 2828 libere,
218 2751 339 2832 quiete,
354 2749 458 2812 solute
475 2750 517 2811 ab
526 2750 613 2811 omni
631 2750 776 2824 servicio,
788 2748 1030 2829 consuetudine,
1048 2752 1229 2827 exaccione,

80 2847 173 2909 sicud
188 2845 298 2928 aliqua
317 2845 493 2908 elemosina
508 2844 624 2907 melius
648 2850 682 2907 ot
697 2845 822 2926 plenius
849 2844 919 2906 dari
940 2847 1049 2926 potest
1064 2850 1098 2909 et
1112 2848 1229 2909 teneri.

81 2943 128 3004 Et
137 2962 198 3024 ego
209 2942 351 3023 Rogems
366 2947 399 3003 et
410 2941 543 3003 heredes
555 2943 619 3002 mei
633 2941 819 3024 praedictam
832 2941 984 3023 Familay
996 2943 1229 3024 etpraedictum

80 3040 213 3102 boscum
238 3044 273 3100 et
298 3036 403 3100 solum
427 3036 571 3118 ejusdam
595 3037 682 3099 bosci
703 3041 737 3098 et
759 3038 881 3099 dictam
904 3037 1049 3119 placeam
1065 3044 1099 3101 et
1121 3039 1231 3101 omnia

81 3134 238 3217 praedicta
251 3133 369 3195 fossata
384 3154 459 3194 cum
474 3134 624 3195 omnibus
639 3153 711 3214 quae
720 3134 864 3214 superius
874 3132 1001 3214 plenius
1010 3140 1230 3196 memorantur

81 3231 181 3293 dictis
195 3231 360 3292 monachis
369 3234 403 3292 et
412 3250 523 3291 eorum
538 3229 769 3290 successoribus
779 3248 851 3290 war.
865 3233 899 3290 et
908 3229 972 3291 def.
986 3234 1098 3291 contra
1109 3251 1230 3293 ornnes.

82 3326 218 3409 Insuper
232 3329 267 3388 et
281 3324 537 3407 acquietabimus
551 3326 586 3386 in
602 3328 805 3407 perpetuum.
850 3323 999 3385 Testibus
1014 3328 1076 3386 etc.

150 3422 219 3484 Ista
234 3424 323 3484 carta
338 3421 521 3504 duplicatur
536 3421 624 3483 inter
639 3424 753 3482 cartas.

150 3614 270 3678 Item'
261 3635 296 3676 ιιι
321 3613 437 3696 quinto
461 3612 531 3676 loco
556 3614 641 3675 inter
665 3616 769 3676 cartas
793 3613 833 3676 de
857 3614 1021 3698 Heppsoot
1022 3635 1055 3678 es
1070 3637 1176 3699 quaere
1196 3619 1232 3681 in
1257 3629 1399 3679 Memoran-

82 3711 221 3773 secunda
235 3713 324 3772 carta
339 3707 393 3771 del
409 3707 615 3791 Grauengate
630 3728 669 3771 ex
684 3709 766 3771 dono
782 3708 908 3772 Merlai.
1257 3694 1325 3746 duur

150 3901 320 3978 Omnibus,
335 3905 397 3963 etc.
402 3900 573 3986 Rogerus
589 3900 629 3962 de
644 3899 761 3963 Merlai
777 3902 907 3979 tercius,
926 3901 1072 3965 salutem.
1115 3904 1286 4005 SciatisU

83 4018 136 4059 me
152 3997 238 4074 ded,
253 4017 354 4073 conc„
369 3978 405 4059 et
420 4017 511 4079 praes
528 4001 617 4059 carta
631 4017 705 4059 mea
720 3997 804 4059 conf.
828 3997 896 4060 Deo
919 4001 953 4059 et
967 4000 1133 4062 monachis
1154 4005 1231 4067 eccl.
1257 3889 1354 4073 affl}

85 4093 117 4156 S.
132 4093 249 4156 Mariae
263 4093 345 4156 Nov.
362 4093 453 4155 Mon.
477 4112 534 4175 pro
554 4091 658 4154 salute
681 4093 799 4155 animae
821 4114 901 4156 mese
923 4098 957 4155 et
979 4096 1126 4159 omnium
1141 4105 1234 4162 ante-

83 4209 244 4251 cessorum
259 4194 293 4252 et
308 4189 464 4251 heredum
480 4208 626 4250 meorum
649 4189 683 4249 in
707 4187 777 4263 lib.‚
799 4209 882 4271 pua,
899 4193 933 4250 et
955 4210 1043 4273 perp.
1060 4192 1127 4255 el.
1093 4215 1126 4276 ·J
1145 4197 1233 4260 viam

84 4284 284 4346 habentem
275 4304 308 4345 ιιι
320 4284 497 4347 latrtudrne
505 4304 599 4365 xxxvj
592 4282 722 4365 pedes,
735 4303 806 4366 quae
815 4304 848 4346 se
859 4287 1007 4349 extend1t
1016 4288 1070 4351 del
1085 4290 1234 4376 Neugate
1259 4301 1340 4350 erant
1351 4301 1404 4350 osa

86 4380 171 4443 villae
186 4381 226 4443 de
241 4380 395 4462 Morpath
411 4399 520 4442 versus
535 4380 694 4441 orientem
710 4400 749 4441 ex
763 4380 896 4443 australi
918 4388 1011 4463 parte
1032 4389 1118 4466 prati
1133 4408 1234 4470 usque
1259 4383 1304 4416 Μ
1304 4367 1360 4416 Μ
1440 4386 1444 4423 ³

86 4476 126 4538 ad
140 4477 311 4606 antiquam
327 4478 427 4554 viam,
443 4481 478 4538 et
493 4475 569 4538 inde
588 4474 802 4539 sufficientem
818 4479 904 4540 viam
920 4496 1021 4562 usque
1035 4482 1076 4544 ad
1099 4486 1236 4566 quadra·
1259 4433 1333 4498 Morp
1335 4432 1386 4482 ech
