2940 5048
686 349 955 404 OEABWLARIL'H

257 525 347 587 ditus
376 525 495 588 solucio
527 523 675 585 terminis
706 523 838 585 statutis
869 521 1019 586 defecerit
1052 539 1163 582 eorum
1195 519 1390 583 districcioui

259 623 378 704 obligo.
424 622 468 683 Et
492 620 657 682 sciendum
679 627 728 681 est
754 618 839 701 quod
863 617 1006 680 redditus
1031 637 1070 678 ex
1095 616 1184 679 dioto
1211 621 1390 679 tenemento

260 723 449 802 proveniens
463 718 517 779 die
531 717 744 778 confeccionis
766 715 861 798 hujus
874 716 985 796 scripti
1000 713 1066 774 fuit
1079 712 1137 795 viij
1154 733 1178 775 s.
1194 732 1389 795 perannum,

142 840 181 890 ,⁹
261 832 394 897 excepto
408 816 497 876 dicto
512 814 640 875 redditu
654 813 695 874 ad
712 819 842 894 pontem
853 812 892 874 de
905 810 1052 891 llorpeth
1066 811 1261 891 pertinente.
1302 808 1389 871 Unde

100 894 137 941 ‘¹³
172 931 178 940 ·
260 913 341 972 dicti
366 911 438 971 abb
463 925 495 971 et
521 929 613 971 conv.
639 929 696 990 pro
720 929 752 969 se
775 914 939 969 eteorum
962 904 1190 967 successoribus
1215 903 1389 966 omnimoda

259 1016 339 1088 appu
349 1010 438 1068 auita
450 1027 522 1087 quae
532 1027 571 1067 ex
582 1006 669 1067 dicto
681 1012 865 1066 tenemento
876 1005 910 1063 in
922 1007 1084 1083 posterum
1098 1000 1244 1062 accidere
1256 1001 1389 1081 poterint

259 1105 342 1164 mihi
351 1120 382 1164 et
395 1103 565 1165 heredibus
577 1102 656 1161 meis
671 1120 728 1161 seu
742 1099 908 1180 assignatis
919 1117 976 1179 pro
991 1097 1089 1159 dictis
1098 1096 1155 1178 viij
1172 1118 1197 1158 s.
1208 1095 1348 1158 redditus
1358 1099 1388 1155 et

258 1221 315 1281 pro
343 1201 544 1260 concessione
570 1197 664 1278 hujus
690 1197 802 1277 scripti
833 1199 1051 1255 concesserunt
1077 1199 1110 1254 et
1141 1195 1175 1255 in
1206 1197 1390 1274 perpetuum

257 1297 366 1375 quieta
393 1294 624 1355 clamaverunt.
669 1291 713 1352 Et
736 1293 813 1372 quia
837 1289 925 1351 dicta
950 1293 1136 1350 tenemento
1161 1294 1235 1369 post
1260 1294 1390 1349 mortem

256 1391 419 1471 prredictre
434 1391 453 1450 J
456 1390 590 1450 ohaunae
605 1387 686 1447 mihi
702 1396 734 1448 et
751 1386 920 1447 heredibus
934 1385 1014 1446 meis
1029 1385 1147 1444 reverti
1162 1384 1293 1460 debent,
1302 1387 1392 1465 prout

256 1488 290 1545 in
307 1488 435 1566 scripto,
451 1505 547 1565 quam
563 1482 644 1567 esic)
659 1483 741 1543 dicti
750 1482 935 1543 alexander
945 1488 979 1541 et
990 1479 1140 1542 Johanna
1152 1500 1189 1541 ex
1205 1478 1391 1542 demissione

256 1582 386 1653 hubent,
398 1584 595 1649 continetur,
607 1579 679 1640 tolo
690 1586 723 1641 et
736 1579 873 1640 concedo
887 1597 944 1659 pro
959 1595 1011 1637 me
1025 1580 1060 1637 et
1074 1576 1141 1637 her.
1153 1595 1196 1637 m.
1208 1596 1266 1638 seu
1281 1575 1392 1656 assign.

255 1677 340 1758 quod
367 1677 515 1758 predicti
540 1676 646 1736 ,tblus
670 1684 702 1736 et
729 1675 825 1738 Cous.
849 1675 973 1735 dictum
999 1672 1175 1747 redditum,
1196 1692 1256 1753 per
1286 1688 1393 1733 manus

255 1794 341 1833 meas
356 1788 387 1833 et
405 1773 559 1833 heredum
576 1791 720 1833 meorum
736 1792 791 1832 seu
805 1772 1046 1852 assignatorum,
1062 1768 1161 1829 dietis
1181 1767 1328 1829 terminis
1341 1785 1395 1827 au-

256 1872 382 1930 nuatim
410 1870 578 1949 recipiant,
605 1869 681 1949 quia
707 1869 842 1928 reversio
872 1865 1017 1948 praedicti
1046 1865 1227 1926 tenementi
1257 1864 1339 1925 mihi
1363 1869 1395 1924 et

255 1966 425 2026 heredibus
441 1966 522 2025 meis
544 1971 576 2024 et
600 1984 664 2024 non
680 1963 765 2038 aliis,
780 1969 816 2024 ut
838 1962 1026 2047 predictum
1047 1966 1107 2036 est,
1122 1958 1305 2042 specialiter
1328 1978 1394 2041 per·

256 2065 351 2123 tinet.
398 2062 438 2121 Et
464 2063 491 2120 si
515 2061 688 2139 contigerit
712 2079 764 2119 me
787 2057 838 2119 tel
860 2059 926 2119 her.
950 2078 993 2118 m.
1009 2076 1064 2118 seu
1085 2059 1202 2138 assign.
1218 2076 1238 2117 a
1254 2063 1394 2137 tempore

256 2179 320 2238 quo
337 2166 558 2219 tenementum
580 2156 710 2217 illudio
726 2175 839 2216 manus
861 2161 982 2216 nostras
1004 2153 1171 2215 devenerit
1184 2153 1219 2213 in
1236 2151 1394 2214 solucione

257 2254 338 2314 dicti
357 2253 501 2313 redditus
523 2252 620 2312 dictis
640 2250 789 2312 terminis
804 2249 948 2324 deficere,
963 2247 1070 2328 obligo
1086 2254 1187 2309 meet
1201 2247 1270 2309 her.
1286 2267 1329 2308 m.
1345 2265 1396 2307 seu

258 2352 376 2431 assigu.
392 2369 450 2429 pro
473 2348 617 2429 quolibet
633 2346 761 2409 defectu
783 2346 886 2407 teneri
904 2345 999 2407 dictis
1017 2344 1138 2406 Abbati
1157 2350 1191 2405 et
1206 2343 1307 2407 Conv.
1322 2345 1357 2404 in
1370 2362 1395 2402 c.

101 2471 138 2502 ms
147 2472 164 2533 ,⁰
178 2522 182 2528 ,
194 2473 224 2549 1ε.
259 2465 283 2505 ε.
296 2445 459 2524 ster-lingis
471 2444 529 2503 sub
542 2463 636 2524 poena
647 2464 667 2503 1
679 2464 704 2504 s.
717 2445 752 2503 in
764 2442 942 2503 subsidium
951 2441 1056 2502 Terrae
1067 2438 1196 2502 Sanctae
1209 2440 1280 2502 sine
1292 2439 1397 2520 aliqua

258 2539 528 2600 contradiccione.
575 2540 617 2601 Et
642 2539 871 2600 nichilominus
895 2540 1115 2598 tenementum
1140 2534 1224 2597 illud
1249 2536 1283 2596 in
1307 2554 1398 2616 quas·

130 2678 154 2700 r.
257 2655 395 2715 cunique
420 2655 533 2695 manus
555 2635 733 2708 devenerit,
750 2640 785 2695 ut
803 2633 992 2715 praedictum
1015 2637 1074 2708 est,
1090 2631 1251 2693 dictomm
1266 2630 1398 2693 Abbatis

191 3083 221 3139 ta

255 2736 291 2790 et
315 2729 497 2792 Contentus
521 2729 722 2792 districcioni
747 2730 927 2813 obligatum
950 2732 1114 2790 remaneat
1138 2728 1174 2789 in
1198 2731 1398 2810 perpetuum.

255 2823 296 2886 In
311 2825 403 2907 cujus
418 2825 464 2886 rei
480 2825 714 2887 testimonium.

321 3017 490 3093 Omnibus,
516 3024 579 3083 etc.
611 3020 808 3103 Reginaldus
838 3019 923 3081 filius
949 3018 1038 3081 Petri
1070 3016 1129 3078 filii
1158 3015 1334 3099 Reginaldi
1360 3016 1400 3079 de

254 3112 426 3193 Hirbotill,
440 3115 588 3178 salutem.
627 3115 745 3177 Sciatis
761 3136 813 3178 me
829 3136 886 3197 pro
898 3135 942 3175 sa.
952 3133 1003 3174 an.
1020 3133 1063 3173 m.
1076 3116 1111 3173 et
1125 3132 1212 3173 omn.
1224 3119 1400 3194 pmentum

255 3230 301 3275 m.
317 3211 389 3276 ded.
405 3233 493 3276 eone.
510 3220 541 3272 et
559 3232 649 3293 prees.
667 3215 789 3293 scripto
803 3210 886 3272 conf.
902 3206 998 3291 (50a)
1020 3207 1088 3269 Deo
1110 3212 1144 3268 et
1167 3207 1206 3268 Β.
1222 3207 1271 3268 Μ.
1286 3214 1321 3270 et
1337 3228 1400 3269 mo.

254 3306 340 3371 Novi
364 3308 454 3370 Mon.
476 3308 510 3369 in
534 3307 591 3368 lib.
613 3327 684 3388 pur.
706 3316 738 3369 et
764 3327 852 3388 perp.
876 3306 916 3367 el.
939 3310 1044 3366 totum
1070 3302 1152 3364 illud
1178 3303 1299 3364 toftum
1326 3324 1401 3365 cum

255 3402 401 3467 edificiis
415 3409 450 3466 et-
464 3403 615 3465 omnihus
634 3402 708 3463 aliis
729 3403 947 3483 pertinenciis
963 3399 1046 3481 quod
1065 3398 1152 3481 jacet
1168 3400 1255 3460 inter
1269 3399 1401 3475 toftum,

251 3498 339 3581 quod
369 3499 434 3560 fuit
463 3497 625 3579 quondam
652 3497 793 3559 Gilberti
820 3496 917 3559 Oulei
943 3517 982 3557 ex
1007 3515 1071 3556 uno
1100 3499 1192 3575 parte
1218 3501 1252 3555 et
1278 3494 1400 3557 toftum

249 3592 426 3656 Alexandri
442 3593 563 3656 Glouer
583 3613 623 3652 ex
645 3592 757 3666 altera,
773 3595 808 3654 in
823 3592 901 3653 tilla
915 3590 956 3652 de
971 3590 1133 3671 Morpath.
1179 3589 1264 3652 Hab.
1280 3596 1313 3652 et
1332 3595 1400 3652 ten.

248 3688 329 3752 dict
341 3710 406 3752 mo.
416 3690 451 3751 in
463 3695 657 3770 perpetuum
672 3687 707 3748 li.
723 3690 790 3769 qui.
801 3688 905 3749 solute
919 3688 960 3747 ab
976 3706 1059 3747 omn.
1070 3705 1148 3747 serv.
1166 3686 1399 3747 consuetudine

247 3784 462 3853 etdemands,
474 3782 569 3844 salvis
578 3782 723 3842 serviciis
734 3803 805 3864 quae
815 3783 856 3843 de
868 3784 937 3863 ipsa
953 3791 1036 3843 terra
1047 3781 1087 3842 ad
1097 3779 1210 3842 villam
1220 3782 1398 3862 pertinent,

246 3883 282 3940 et
297 3879 386 3942 salva
400 3879 541 3943 Domino
557 3876 690 3957 capitali
706 3876 811 3950 firma,
826 3879 926 3938 trium
942 3877 1108 3938 obolorum
1118 3895 1308 3957 perannum
1319 3877 1363 3938 ad
1372 3876 1396 3959 ij

245 3976 413 4048 terminos,
429 3975 489 4035 via.
505 3973 715 4034 medietatem
737 3974 777 4034 ad
801 3973 920 4034 festum
937 3971 1048 4034 Sancti
1065 3970 1236 4033 Cuthberti
1260 3973 1296 4033 in
1317 3971 1399 4054 Sep-

244 4069 376 4146 tembri,
385 4077 418 4132 et
427 4070 526 4133 aliam
536 4068 744 4131 medietatem
754 4069 795 4129 ad
805 4069 924 4130 festum
934 4067 1075 4148 ejusdem
1086 4068 1120 4127 iu
1130 4066 1188 4127 11⁸.
1221 4066 1399 4129 Sciendum

244 4166 357 4226 tamen
382 4165 468 4247 quod
492 4162 622 4227 hlotild'
642 4184 721 4225 uxor
745 4183 818 4225 mea
842 4163 974 4224 habebit
996 4169 1031 4224 et
1053 4162 1180 4224 tenebit
1204 4163 1399 4244 praedictum

244 4255 366 4318 toftum
391 4280 465 4321 oum
489 4259 635 4322 {edificiis
659 4266 691 4320 et
716 4259 924 4339 pertinenciis
949 4264 1018 4319 tota
1035 4259 1102 4318 vita
1127 4277 1183 4318 sua
1207 4264 1338 4319 tantum
1358 4258 1398 4320 de

244 4351 412 4429 predictis
438 4356 615 4428 monachis,
636 4354 798 4416 reddendo
823 4353 944 4415 eisdem
972 4353 1140 4414 aunuatim
1167 4373 1225 4435 pro
1252 4355 1400 4436 recogni-

244 4443 337 4508 oione
355 4446 370 4528 j
394 4446 563 4512 denarium
586 4450 640 4512 die
656 4449 783 4511 Natalis
806 4448 949 4522 Domini,
965 4454 997 4509 et
1015 4456 1086 4530 post
1107 4449 1272 4512 decessum
1296 4450 1397 4531 ipsius
