2940 5048
428 348 478 401 DE
502 345 596 400 NOVO
621 344 856 400 uonlsrnnro.

35 512 255 579 occidentem
272 517 438 600 usquead
453 515 654 590 Haiclrester,
669 519 704 577 et
719 515 795 576 inde
810 533 918 576 versus
941 515 1142 577 occidentem
1158 534 1215 596 per

39 612 163 676 divisas
179 613 227 675 de
240 611 397 696 Hephale
406 613 508 677 donec
517 613 725 694 perveniatur
736 610 777 671 ad
789 609 1023 672 occidentalem
1034 617 1162 692 partem
1173 611 1213 672 de

42 707 213 792 lleihope,
223 717 261 773 et
271 711 352 772 indo
361 729 470 771 versus
480 707 665 790 aquilonem
674 707 818 788 usquein
834 705 988 781 siketum,
1001 712 1036 769 et
1045 707 1122 768 inde
1132 708 1216 768 sicut

16 878 21 885 ¹
47 805 161 869 divisae
170 806 291 889 jacent
303 805 391 868 inter
401 805 571 888 praedietos
581 804 754 865 monachos
766 809 799 864 et
813 801 967 865 moniales
982 803 1022 866 de
1046 803 1215 864 Halistane

50 899 1214 986 usqueinPondene,etindeperunumfossntumversusorientemusque
1241 916 1391 981 Holysuno.

53 1000 94 1063 ad
103 1020 248 1078 moram,
261 1005 296 1062 et
307 999 384 1062 inde
395 1019 503 1060 versus
512 1001 657 1059 austrum
669 1017 726 1078 per
738 996 891 1057 fossat-um
905 997 1057 1077 usquead
1073 1017 1214 1074 murum,

56 1101 90 1159 et
104 1096 182 1158 inde
199 1116 309 1158 versus
324 1097 484 1157 orientem
499 1113 556 1176 per
570 1112 711 1167 murum,
726 1098 760 1153 et
776 1092 856 1153 item
874 1111 980 1153 versus
995 1099 1141 1155 austrum
1157 1112 1215 1174 per

57 1193 197 1255 eundem
214 1211 344 1253 murum
360 1192 445 1252 sicut
459 1195 544 1251 terra
559 1188 648 1251 culta
659 1196 693 1249 et
705 1194 835 1269 pastura
850 1188 1044 1265 adunantur,
1056 1210 1157 1271 usque
1172 1189 1214 1251 ad

58 1296 180 1351 terram
204 1287 329 1350 cultam
344 1307 416 1369 quae
432 1307 464 1348 se
479 1286 627 1348 extendit
646 1305 756 1345 versus
780 1285 939 1346 orientem
959 1285 1055 1368 juxta
1078 1306 1215 1362 moram,

59 1392 93 1449 et
107 1387 185 1449 inde
200 1405 310 1446 versus
325 1385 483 1446 orientem
505 1402 604 1464 usque
621 1382 662 1443 ad
683 1388 802 1443 terram
819 1382 952 1445 Henriei
968 1385 1009 1446 de
1026 1384 1164 1459 Rodum,
1181 1390 1214 1446 et

57 1482 134 1545 inde
144 1502 256 1544 versus
267 1482 426 1542 orientem
442 1479 527 1539 sicut
538 1478 643 1540 divisa
653 1476 742 1557 jacet
754 1479 840 1538 inter
855 1477 1039 1542 Heiwelflat
1049 1488 1082 1542 et
1094 1486 1214 1543 terram

60 1578 197 1641 Henrici
211 1578 252 1640 de
269 1577 407 1650 Rodum,
423 1581 456 1637 et
472 1574 548 1636 inde
562 1594 619 1655 per
635 1579 850 1636 transversum
874 1596 974 1657 usque
990 1577 1030 1638 ad
1047 1576 1214 1653 Heiwelle,

60 1679 166 1736 totam
179 1680 302 1735 terram
317 1692 390 1753 quae
405 1671 587 1732 continetur
604 1669 687 1731 infru
702 1670 872 1751 praedictas
888 1671 1005 1734 divisas
1021 1693 1094 1733 cum
1111 1674 1215 1734 omni-

62 1771 120 1833 bus
135 1769 346 1853 pertinenciis
357 1769 433 1843 suis,
445 1768 513 1828 sine
525 1767 613 1828 omni
629 1766 859 1848 inpedimentO,
869 1788 943 1828 cum
960 1789 1074 1830 comm.
1084 1775 1215 1849 pastura

61 1876 96 1930 et
109 1866 261 1929 omnibus
283 1864 357 1926 aliis
379 1865 569 1926 asiamentis
583 1864 624 1924 ad
640 1862 750 1924 villam
766 1862 806 1925 de
823 1863 959 1925 Kestern
979 1865 1215 1946 pertinentibus

56 1964 139 2046 jam,
164 1964 270 2047 (tom)
285 1982 326 2024 ex
345 1961 429 2024 dono
453 1962 555 2043 patris
579 1961 645 2021 mei
667 1981 763 2043 quam
780 1981 818 2021 ex
834 1981 906 2022 meo
921 1962 1007 2035 dedi,
1028 1982 1115 2023 conc.
1132 1963 1213 2024 eth.

60 2081 105 2122 m.
122 2081 150 2122 c.
167 2059 250 2122 conf.
265 2058 364 2140 praed.
380 2077 465 2119 mon.
482 2059 517 2118 in
533 2057 590 2119 lib.
606 2077 677 2138 pur.
694 2060 728 2118 et
743 2077 831 2138 perp.
851 2057 892 2118 el.
915 2058 993 2119 adeo
1018 2057 1156 2118 solutam
1180 2066 1214 2119 et

60 2159 209 2240 quietam
224 2155 266 2217 ab
280 2174 366 2217 omn.
382 2173 462 2216 serv.
479 2173 565 2215 cons.
581 2161 615 2215 et
630 2155 811 2228 exaccione,
828 2159 861 2213 et
876 2153 917 2214 ab
933 2153 1021 2214 omni
1037 2174 1071 2214 re
1087 2175 1158 2236 quae
1174 2155 1214 2216 ab

60 2255 172 2337 eliqua
197 2256 286 2314 terra
312 2251 401 2332 exigi
428 2255 544 2332 potest.
591 2250 637 2311 Et
658 2269 718 2331 ego
742 2255 776 2311 et
798 2251 865 2311 her.
888 2270 933 2311 m.
957 2250 1066 2311 omnia
1091 2271 1215 2332 praeno-

60 2352 186 2412 minata
204 2348 301 2431 praed.
323 2367 409 2409 mon.
429 2351 542 2409 contra
560 2366 670 2408 omnes
691 2367 763 2408 war.
785 2348 819 2407 in
840 2351 1032 2428 perpetuum
1053 2353 1087 2408 et
1105 2347 1214 2410 desen-

60 2447 184 2520 demus‚
214 2444 311 2506 salvis
341 2443 566 2504 tantummodo
604 2442 745 2504 Henrico
775 2443 814 2504 de
851 2442 979 2504 Rodum
1016 2445 1111 2505 terris
1148 2445 1213 2506 suis

61 2539 156 2623 (64³)
184 2561 264 2623 quas
293 2538 389 2601 habet
419 2539 503 2601 infra
532 2539 702 2621 praedictas
732 2538 860 2615 divisas,
887 2544 921 2601 et
951 2540 1143 2602 monialibus
1173 2541 1213 2603 de

61 2639 214 2701 Halistan
229 2636 333 2699 tribus
342 2636 423 2697 acris
428 2635 523 2718 juxta
532 2635 650 2696 divisas
663 2636 703 2696 de
715 2633 874 2717 Hcplrale.
909 2635 1055 2699 Concedo
1064 2637 1165 2698 eciam
1178 2643 1212 2698 et

60 2735 217 2797 confirmo
231 2734 354 2796 eisdem
378 2731 542 2793 monachis
565 2730 705 2793 liberum
728 2733 774 2793 ire
798 2738 831 2792 et
851 2732 955 2794 redire
978 2753 1036 2814 per
1060 2753 1211 2815 magnam

59 2833 148 2893 viam
170 2851 190 2893 a
212 2829 347 2912 grangia
362 2848 418 2889 sua
433 2847 533 2908 usque
555 2827 597 2889 ad
612 2827 724 2889 villam
739 2827 779 2889 de
796 2827 931 2890 Kestern
955 2849 1013 2910 per
1028 2849 1162 2906 moram,
1178 2837 1211 2892 et

57 2926 100 2988 ad
122 2944 235 2988 omnes
257 2925 427 3007 praedictas
450 2929 551 2985 terras
575 2943 645 2985 suas
660 2923 847 2986 excolendas
869 2926 989 3007 ubique
1011 2946 1067 3007 per
1089 2932 1210 2987 terram

58 3042 177 3096 meam,
204 3027 294 3083 extra
323 3020 454 3082 bladum
484 3027 516 3081 et
548 3025 688 3101 pratum,
715 3040 789 3081 cum
819 3021 1003 3083 hominibus
1034 3028 1067 3084 et
1097 3023 1210 3083 averiis

58 3120 125 3181 suis
148 3125 182 3181 et
204 3119 353 3201 coriagiis
376 3118 442 3179 suis
464 3117 505 3179 ad
528 3118 637 3179 omnia
659 3118 793 3199 negocia
815 3139 873 3180 sua
887 3120 1078 3199 peragenda.
1134 3119 1209 3180 Hiis

58 3215 209 3278 testibus.

125 3406 297 3484 Omnibus,
320 3412 383 3469 etc.
411 3405 573 3469 Johaunes
596 3408 636 3469 de
659 3407 808 3482 Kestem,
824 3406 973 3468 salutem.
1019 3404 1135 3468 Sciatis
1157 3426 1208 3469 me
1290 3412 1329 3479 xj·

58 3525 116 3587 pro
138 3503 242 3566 salute
265 3504 381 3565 animae
401 3523 480 3565 meae
501 3503 573 3565 ded.
589 3509 623 3564 et
638 3523 725 3564 conc.
742 3504 823 3563 eth.
841 3524 872 3584 p.
889 3523 916 3564 e.
933 3523 976 3564 m.
993 3503 1075 3563 conf.
1091 3503 1158 3565 Deo
1175 3510 1208 3566 et
1233 3481 1361 3596 ffiloll

58 3601 91 3664 S.
108 3600 157 3663 M.
182 3606 216 3663 et
238 3619 326 3661 mon.
348 3600 388 3660 de
412 3599 502 3661 Novo
526 3599 615 3660 Mon.
631 3599 674 3680 xij
693 3620 779 3661 acras
805 3604 899 3661 terrae
924 3600 956 3659 in
982 3599 1143 3660 territorio
1167 3600 1207 3662 de
1232 3610 1389 3728 peplumfipp

1242 3694 1274 3727 an
1304 3693 1333 3727 CR

57 3696 197 3759 Kestem
212 3716 251 3758 ex
263 3695 412 3758 orientali
429 3700 521 3777 parte
533 3696 573 3756 de
585 3694 748 3772 Stokwell,
757 3716 829 3776 quae
840 3695 951 3776 jacent
966 3696 1207 3777 propinquiores
1233 3745 1358 3795 ehem

57 3799 151 3855 terrae
166 3813 264 3874 qnam
280 3792 369 3874 prius
384 3791 565 3853 habuerunt
577 3790 657 3852 dicti
673 3791 821 3853 monachi
839 3792 878 3854 de
894 3812 946 3853 me
961 3812 1000 3852 ex
1016 3792 1206 3854 occidentali

56 3894 150 3971 parte
165 3888 308 3971 ejusdem
323 3888 432 3964 fontis,
448 3908 519 3969 quae
535 3908 615 3949 acrae
631 3908 663 3949 se
678 3889 856 3949 ext-endunt
871 3909 891 3949 a
906 3887 1033 3949 cultura
1047 3888 1207 3949 dictorum

57 3985 300 4060 monachorum,
315 4004 385 4065 quae
400 3984 564 4065 quondam
580 3984 753 4046 vocabatur
769 3984 914 4047 Chestres
936 4005 1041 4045 versus
1063 3990 1207 4046 austrum

56 4102 157 4165 usque
172 4080 213 4143 ad
228 4086 349 4143 terram
364 4081 500 4142 Henrici
516 4082 555 4142 de
572 4081 708 4144 Rodum.
755 4080 897 4144 Tenend.
910 4088 943 4143 et
958 4081 1092 4145 habend.
1109 4083 1207 4164 praed.

56 4199 143 4241 mon.
159 4178 195 4239 in
218 4176 277 4239 lib.
293 4198 362 4259 pur.
379 4184 413 4240 et
428 4198 517 4260 perp.
534 4179 574 4241 el.
589 4178 630 4239 ad
646 4177 816 4240 colendum
832 4177 967 4239 eandem
981 4182 1101 4239 terram
1117 4181 1207 4242 etad

56 4274 240 4338 faciendum
262 4275 297 4336 in
312 4294 350 4336 ea
364 4275 586 4336 omnimodum
610 4274 785 4356 proficuum
808 4294 900 4335 suum
924 4274 1013 4336 sicud
1036 4274 1207 4353 voluerint,

55 4370 134 4432 adeo
156 4369 216 4432 lib.
241 4374 276 4430 et
299 4370 364 4451 qui.
389 4369 430 4431 ab
452 4370 601 4431 omnibus
625 4369 717 4430 rebus
739 4390 811 4450 quae
834 4369 875 4430 ab
897 4368 1004 4451 aliqua
1018 4375 1105 4433 terra
1120 4373 1207 4455 exigi

53 4470 198 4547 possunt,
215 4465 305 4528 sicud
318 4464 425 4547 aliqua
437 4465 609 4528 elemosina
619 4466 750 4527 liberius
758 4472 792 4527 et
801 4466 944 4548 qniecius
954 4466 1022 4529 dari
1033 4473 1140 4550 potest
1155 4471 1207 4533 vel
