2940 5048
407 337 454 389 bn
479 337 573 391 NOVO
599 336 835 390 MONASTERIO.

39 505 199 570 fossatum
223 508 311 571 sicut
325 507 417 571 vadit
433 504 475 569 sd
494 507 633 589 primam
649 509 735 571 viam
756 526 828 588 quae
848 510 897 568 est
917 506 959 568 nd
979 505 1084 587 capud
1099 510 1191 568 terre

39 601 148 681 cnltae,
163 608 200 665 et
215 605 263 666 sic
278 624 336 686 per
349 604 454 686 ipsum
464 603 553 665 viam
561 624 662 687 usque
672 604 861 687 praedictem
872 604 959 665 viam
971 603 1011 665 de
1020 601 1191 677 Widmers,

39 718 112 781 quae
127 700 184 763 vin
192 700 320 784 jacebit
333 701 419 763 siout
432 700 529 762 modo
539 699 630 781 jacet
646 702 681 762 in
697 720 867 763 commune
879 700 992 762 illicet
1006 698 1192 761 hominibus

41 795 121 859 meis
137 797 175 858 in
189 801 396 880 perpetuum.
441 795 676 859 nesciendum
699 797 786 878 quod
811 814 871 858 nec
894 815 955 878 ego
975 814 1033 858 nec
1060 794 1192 857 heredes
1216 800 1350 850 Moorlsnd

41 892 105 954 mei
121 912 185 955 nco
198 892 318 975 uliquis
332 891 416 954 nlius
430 891 593 954 arabimus
604 895 663 954 eut
677 890 818 955 colemus
832 911 955 953 morsm
969 892 1010 954 ab
1025 890 1192 953 occidente
1217 865 1356 981 {didicidd

43 988 146 1070 ipsius
160 988 224 1051 vioe
239 988 280 1051 de
293 988 466 1063 Widmers,
481 1006 540 1049 nec
554 1008 710 1069 ponemus
724 989 761 1050 in
775 987 940 1050 defensam
962 987 1003 1049 od
1018 1006 1191 1051 nocumen-
1216 1015 1245 1048 or
1255 1014 1298 1047 en-

44 1088 266 1167 tumpnsturae
276 1105 398 1147 eorum.
443 1083 805 1167 Concessiquoqueillis
814 1089 1191 1167 communempastnrsm
1215 1063 1306 1114 Μ·

43 1186 136 1244 terrae
151 1200 235 1243 mese
249 1200 325 1243 oum
339 1180 524 1243 hominibus
535 1181 628 1258 meis,
639 1187 674 1243 eb
687 1180 873 1243 hominibus
883 1182 966 1244 meis
980 1202 1054 1245 oum
1069 1181 1147 1258 illis,
1156 1182 1191 1241 et

44 1276 185 1340 liberum
201 1277 327 1339 exitum
342 1277 384 1339 od
398 1276 491 1339 illam
513 1276 633 1359 ubique
656 1281 747 1339 extra
769 1276 901 1339 bladum
925 1284 960 1340 eb
981 1283 1112 1360 pratum
1134 1276 1190 1339 ubi

43 1374 207 1455 attingere
218 1378 381 1456 poterunt,
392 1378 427 1435 et
437 1378 553 1436 caetern
563 1373 750 1436 osinmento.
773 1373 867 1435 Hnno
876 1375 1064 1457 praedictam
1074 1380 1192 1437 terram
1216 1380 1270 1457 dhe
1281 1380 1362 1430 above

44 1471 90 1533 eis
104 1470 182 1533 dedi
197 1476 233 1532 et
255 1470 395 1532 concessi
416 1469 453 1531 in
471 1468 669 1532 escambium
683 1489 740 1552 pro
763 1475 912 1532 comesta
926 1476 1019 1533 terrae
1034 1491 1106 1553 quae
1128 1469 1194 1533 fuit
1217 1463 1363 1561 {2:¹01OE

45 1567 123 1629 Adse
138 1567 180 1628 de
196 1565 332 1644 Pleisez,
353 1572 389 1629 et
409 1586 468 1649 pro
483 1565 632 1629 omnibus
654 1565 729 1629 aliis
746 1567 841 1629 terris
855 1586 934 1649 quas
957 1573 1131 1630 tenuenmt
1153 1568 1193 1630 do
1218 1528 1340 1628 undgros

45 1670 139 1747 petre
165 1684 248 1726 meo.
292 1663 454 1727 Praeberes
477 1662 553 1726 dedi
577 1667 612 1725 et
635 1664 773 1726 concessi
799 1664 845 1725 eis
869 1666 978 1727 omnis
1003 1669 1096 1747 prata
1121 1684 1193 1747 quae
1218 1642 1369 1758 ξᾞθω

45 1766 138 1843 poter
160 1780 252 1823 meus
273 1759 366 1823 dedit
387 1760 423 1821 in
445 1759 557 1823 ecdem
572 1759 660 1835 villa,
676 1758 812 1834 scilicet,
827 1765 958 1843 pratum
980 1760 1137 1824 Sorioites
1159 1766 1193 1823 et
1219 1726 1368 1838 dimedio.

47 1862 178 1939 pratum
201 1855 243 1918 de
267 1854 458 1932 Homerus,
478 1854 536 1937 viij
550 1856 781 1938 perticetarum
803 1856 838 1918 in
857 1855 972 1931 latum,
996 1862 1030 1919 et
1056 1858 1092 1919 in
1122 1855 1193 1918 lon·

44 1971 125 2035 gum
149 1958 280 2014 srterra
306 1950 395 2015 culta
418 1951 583 2033 usquead
605 1952 726 2015 divisas
747 1953 788 2015 de
807 1952 993 2034 Stsnigbon,
1022 1958 1057 2015 ct
1087 1972 1193 2015 versus

45 2049 205 2111 orientem
215 2048 279 2111 duo
289 2054 382 2131 preto
396 2066 468 2131 quse
476 2047 608 2110 fuenmt
619 2047 697 2111 Adae
707 2048 748 2111 de
759 2047 893 2111 Plaisez.
940 2049 985 2110 Et
995 2050 1134 2111 concessi
1147 2051 1194 2111 eis

45 2146 198 2207 semitam
211 2164 311 2206 unam
325 2164 383 2227 per
400 2149 521 2206 terram
540 2163 646 2206 meam
669 2164 688 2205 a
710 2145 859 2207 domibus
878 2145 943 2207 suis
969 2144 1088 2226 absque
1105 2145 1193 2207 omni
1220 2148 1286 2197 Psth
1298 2154 1325 2195 ω

45 2240 270 2324 inpedimento
279 2260 379 2323 usque
398 2240 440 2303 ad
454 2239 579 2302 fontem
593 2240 633 2303 de
657 2239 845 2322 Sohsrplsu,
860 2241 901 2303 ad
916 2261 1032 2323 aquom
1044 2241 1195 2304 haurien-
1219 2213 1350 2329 ffifpb'

44 2337 131 2400 dnm.
177 2336 258 2399 Hoec
280 2336 389 2398 omnis
411 2336 459 2399 eis
478 2336 565 2411 dedi,
585 2355 673 2398 conc.
692 2342 727 2398 et
740 2338 892 2417 praesenti
907 2343 997 2399 carta
1011 2358 1084 2400 mes
1098 2339 1194 2416 conf„
1278 2317 1284 2329 ’

45 2434 187 2497 tenenda
201 2433 242 2496 de
257 2453 310 2495 me
323 2438 358 2495 et
371 2432 544 2496 heredibus
559 2434 640 2495 meis
655 2433 689 2494 in
714 2431 771 2495 lib.
788 2438 823 2495 et
837 2454 926 2516 perp.
943 2431 1193 2520 (eleruosioam)

45 2529 205 2605 obsolute,
222 2527 334 2605 libere,
356 2534 391 2591 et
416 2528 538 2610 quiete,
562 2528 759 2591 nominatim
786 2549 805 2590 a
829 2530 963 2593 servicio
988 2532 1085 2613 regis,
1108 2533 1193 2614 quod

45 2624 169 2689 dicitur
184 2625 325 2703 Utware,
339 2631 374 2688 et
387 2625 429 2688 ab
451 2626 542 2687 omni
557 2626 692 2688 servicio
707 2625 830 2686 domini
847 2625 886 2689 de
908 2625 1073 2710 Morpeth,
1097 2636 1130 2691 et
1152 2629 1193 2691 ab
1217 2636 1338 2687 Freedom

46 2720 199 2785 omnibus
223 2722 366 2785 serviciis
386 2722 524 2785 terrenis
543 2726 578 2784 eb
604 2721 888 2784 consuetudinibus
913 2729 946 2786 et
964 2724 1129 2788 demendis
1151 2727 1193 2789 od
1217 2703 1283 2818 ἓξὲξ
1294 2702 1343 2816 1th
1365 2804 1368 2811 Ι

45 2818 131 2901 ipsos
145 2816 266 2881 selme
280 2816 528 2900 pertinentibus,
543 2816 634 2879 sicud
643 2815 779 2879 liberam
800 2815 1017 2894 elemosinam,
1032 2820 1193 2884 reddendo
1284 2805 1289 2825 ’
1344 2803 1350 2815 ’

45 2914 217 2977 mnmtim
232 2913 314 2976 mihi
329 2919 364 2977 et
373 2912 545 2977 heredibus
559 2913 640 2976 meis
655 2917 786 2975 tantum
802 2913 859 2996 viij
876 2934 913 2991 s,
928 2914 1007 2998 iiij0‘
1020 2916 1062 2978 cd
1077 2916 1195 2979 Pente-

45 3016 157 3073 costen
179 3013 216 3071 et
239 3006 318 3091 iiij⁰²
339 3010 382 3073 cd
403 3009 523 3073 festum
539 3008 650 3073 Sancti
666 3009 814 3072 Martini.
861 3011 906 3072 Et
927 3030 988 3093 ego
1010 3018 1045 3073 eb
1063 3011 1194 3073 heredes

45 3112 108 3171 cic.
123 3104 384 3169 wumtsbimus.

111 3298 286 3375 Omnibus,
298 3304 362 3362 sto.
376 3296 561 3361 Willeimus
583 3297 624 3360 dc
646 3297 795 3380 Coyners
814 3298 960 3359 salutem.
1006 3296 1124 3359 Sciatis
1143 3316 1195 3359 me
1286 3313 1304 3380 fi

45 3414 104 3479 pro
118 3394 227 3459 salute
241 3396 358 3459 animae
371 3414 464 3471 mese,
478 3395 588 3457 uxoris
602 3415 682 3458 meae
697 3395 786 3472 Evae,
804 3399 838 3456 et
853 3392 988 3455 Henrici
1000 3391 1059 3453 filii
1072 3393 1148 3467 mei,
1160 3399 1195 3455 et
1219 3382 1333 3433 Another

47 3494 195 3557 omnium
215 3497 370 3556 anteesse.
394 3498 431 3555 et
450 3491 559 3555 hored.
583 3512 739 3568 meorum,
759 3492 830 3556 ded.
855 3511 942 3554 conc.
958 3496 993 3553 et
1019 3490 1079 3553 hac
1101 3510 1192 3572 praes.
1218 3449 1345 3563 ffiffi„

46 3596 137 3653 carto
157 3608 234 3652 men
258 3588 343 3652 conf.
372 3588 442 3651 Deo
468 3592 503 3651 et
528 3587 638 3651 Bectae
662 3588 778 3651 Moriae
796 3593 830 3650 et
849 3586 1015 3650 monachis
1038 3587 1078 3649 de
1100 3586 1193 3649 Novo
1218 3580 1369 3645 bywillium

47 3684 137 3751 Mon.
151 3690 275 3749 terram
289 3683 331 3748 ab
344 3684 513 3749 occidente
528 3685 590 3748 viae
604 3704 676 3766 quae
690 3685 781 3747 vadit
795 3705 853 3767 per
873 3684 1016 3747 medium
1031 3683 1193 3746 Widmers
1217 3647 1370 3711 deconyors.

47 3802 148 3866 nsque
161 3780 205 3845 sd
219 3782 308 3843 viem
321 3780 362 3845 de
376 3781 528 3858 Misford,
543 3787 578 3842 et
592 3781 638 3843 sic
653 3801 710 3863 per
724 3781 813 3842 viam
828 3780 868 3842 de
884 3779 1022 3842 Mitford
1037 3800 1137 3862 usque
1151 3779 1193 3842 ed

47 3876 132 3941 istus
145 3876 346 3941 occidentnle
357 3882 450 3941 terre
460 3875 612 3941 Geufridi
625 3875 721 3953 Ruffi,
731 3880 765 3938 et
781 3876 827 3938 sio
841 3896 899 3957 per
911 3875 996 3938 labus
1011 3874 1093 3938 illud
1104 3875 1194 3937 sicud

48 3978 136 4039 cmc
149 3978 218 4037 tres
232 3972 355 4057 lapides
368 3992 469 4056 nsque
483 3973 525 4036 ed
540 3973 677 4035 divisam
692 3973 732 4034 de
747 3970 904 4047 Dudden'‚
915 3977 950 4034 et
962 3972 1006 4033 sic
1022 3992 1078 4054 per
1090 3973 1193 4054 ipsam

48 4070 185 4135 divisum
204 4090 306 4153 usque
319 4068 362 4133 sd
384 4069 539 4133 fossatum
554 4070 596 4132 ab
619 4069 795 4132 occidente.
805 4068 846 4131 de
862 4067 1077 4145 Hillichfenn,
1092 4073 1127 4131 et
1149 4069 1193 4130 sio

49 4186 105 4249 per
118 4168 228 4250 ipsum
241 4164 396 4229 fossatum
411 4185 511 4248 usque
526 4165 568 4226 ad
582 4165 771 4247 praedicbsm
786 4166 872 4226 vism
887 4165 928 4227 de
940 4165 1111 4241 Widmers,
1123 4185 1194 4247 quae

49 4262 101 4326 vis
109 4261 239 4346 jacebit
252 4262 290 4323 in
309 4280 478 4324 commune
499 4260 575 4338 iliis,
591 4259 690 4322 michi
705 4265 739 4325 et
761 4259 945 4322 hominibus
967 4262 1048 4323 meis
1065 4263 1100 4323 in
1123 4282 1195 4343 per-

49 4363 190 4441 petuum.
236 4356 306 4421 Nec
324 4376 385 4441 ego
407 4376 467 4419 nec
487 4356 617 4419 heredes
640 4356 706 4418 mei
728 4376 787 4419 nec
808 4356 925 4438 aliquis
946 4357 1030 4418 alius
1056 4357 1195 4419 colemus
1219 4365 1347 4442 common·

50 4472 169 4519 morsm
192 4452 238 4517 eb
259 4452 426 4517 occidente
447 4453 550 4535 ipsius
570 4452 630 4516 viae
652 4452 694 4514 de
710 4450 880 4528 Widmers,
902 4472 961 4516 nec
984 4472 1136 4534 ponemus
1159 4453 1193 4514 in
1218 4431 1294 4495 '¹⁸¹¹t·

599 4562 645 4611 οἳ
