2940 5048
459 343 508 396 DE
531 343 626 397 NOVO
651 344 885 398 MONASTBRIO.

74 515 112 575 et
123 512 245 595 quiete
256 512 298 576 ab
310 513 400 576 omni
415 513 560 590 servicio,
570 533 686 590 exacc„
698 534 784 577 cons.
796 521 831 577 et
842 514 938 592 dem„
951 514 1096 577 faciendo
1108 519 1238 576 tantum

76 608 280 672 forinsecum
309 611 484 672 servicium
509 616 666 691 quantum
696 611 839 692 pertinet
868 611 909 673 ad
934 611 1032 693 praed.
1057 617 1178 673 terram
1203 611 1238 671 in

79 706 201 768 eadem
216 704 308 769 villa.
352 706 399 768 Et
413 705 538 768 molent
553 704 686 768 bladum
702 708 742 769 de
758 706 913 788 praedicta
928 715 1015 770 terra
1026 707 1068 769 ad
1083 707 1239 768 molendi-

82 821 166 864 num
181 822 294 865 meum
308 803 379 864 sinc
401 801 546 865 multura
561 803 771 885 propinquius
794 808 868 885 post
890 803 1024 866 bladum
1039 803 1125 885 quod
1141 803 1241 865 fuerit

83 898 260 960 inventum
284 899 319 959 in
343 897 494 974 tremulo,
517 903 651 979 excepto
676 898 770 961 blado
797 899 839 961 ad
864 919 1009 962 mensam
1033 899 1169 975 domini,
1191 899 1241 960 ita

85 999 199 1057 tamen
215 995 303 1077 qnod
318 995 347 1057 si
362 994 496 1057 bladum
509 994 673 1076 praedictae
688 1000 782 1057 terrae
797 996 967 1057 inventum
982 996 1082 1058 fuerit
1096 997 1130 1057 in
1140 1000 1240 1057 trem·

87 1090 144 1154 ulo
168 1112 234 1154 non
261 1092 453 1175 deportatur
475 1093 663 1174 priusquam
684 1092 835 1167 molatur,
853 1098 888 1155 et
911 1094 1015 1174 quieti
1038 1097 1134 1155 erunt
1156 1093 1239 1155 dicti

86 1187 161 1251 abb.
174 1194 210 1250 et
220 1208 312 1251 conv.
323 1192 358 1250 et
369 1208 481 1250 eorum
495 1208 688 1250 successores
699 1189 739 1250 de
752 1189 884 1251 servicio
896 1190 1004 1270 stagni
1016 1193 1050 1251 et
1061 1188 1239 1251 molendini

86 1284 122 1345 in
139 1289 345 1366 perpetuum.
390 1284 436 1345 Et
444 1289 483 1346 nt
492 1284 653 1346 concessio
665 1290 699 1345 et
710 1283 915 1346 confirmacio
927 1306 984 1366 pro
1000 1305 1052 1347 me
1068 1290 1102 1347 et
1114 1286 1181 1347 her.
1194 1305 1237 1345 m.

87 1385 161 1442 rata
176 1381 221 1443 sit
240 1381 276 1442 in
287 1384 481 1464 perpetuum
492 1381 641 1462 praesenti
655 1381 773 1462 scripto
794 1380 939 1463 sigillum
962 1401 1072 1443 meum
1094 1382 1238 1465 apposui.

87 1476 252 1539 Testibus.

157 1669 297 1731 Thomas
312 1668 352 1731 de
368 1668 566 1746 Dineleston‚
582 1667 730 1731 salutem.
775 1669 806 1731 N
808 1691 858 1732 ov.
871 1691 922 1732 me
931 1692 990 1752 pro
1001 1692 1053 1733 me
1069 1677 1102 1733 et
1114 1672 1180 1733 her.
1192 1693 1237 1733 m.
1313 1679 1362 1745 vij·

88 1785 179 1828 cono.
203 1766 285 1828 Abb.
307 1771 342 1828 et
368 1765 467 1830 Conr.
490 1765 575 1827 Novi
597 1765 687 1827 Mon.
706 1771 741 1827 et
765 1786 874 1827 eorum
898 1767 1129 1830 successoribus
1153 1769 1237 1849 quod
1261 1748 1410 1863 ssssfflffif

88 1861 331 1923 communicent
346 1880 421 1923 cnm
443 1861 558 1922 averiis
578 1861 642 1922 suis
657 1861 698 1923 de
713 1859 891 1946 H(cr'ham)
907 1863 941 1923 in
957 1862 1094 1943 quadam
1110 1863 1237 1924 cultura
1261 1881 1368 1935 niutan,
1381 1879 1409 1928 or

89 1960 125 2019 in
148 1957 263 2020 eadem
278 1957 367 2036 villa,
382 1978 455 2039 quae
470 1962 602 2019 vocatur
623 1957 655 2019 le
671 1956 766 2034 Crok,
783 1960 867 2019 sicut
889 1959 922 2019 in
947 1979 984 2020 ea
1000 1961 1236 2021 communicare
1260 1961 1382 2060 ΨἜΤῬΠ·

89 2054 230 2116 debeant
245 2053 421 2115 secundum
436 2052 575 2116 liberum
590 2059 816 2116 tenementum
839 2055 922 2136 quod
939 2059 1052 2116 tenent
1067 2056 1102 2115 in
1125 2055 1237 2117 eadem
1260 2027 1379 2141 {igniri

88 2150 183 2226 villa,
201 2152 250 2213 ita
276 2150 361 2233 qnod
387 2171 446 2213 nec
470 2171 530 2232 ego
553 2150 606 2212 vel
629 2151 763 2213 heredes
790 2153 854 2212 mei
881 2172 938 2213 seu
962 2151 1081 2233 aliquis
1107 2153 1238 2214 nomine

88 2252 199 2310 nostro
215 2247 402 2330 predictam
425 2247 587 2309 culturam
610 2248 646 2308 in
668 2254 800 2330 pratum
816 2247 867 2309 vel
890 2249 925 2309 in
949 2254 1069 2309 terram
1085 2248 1238 2310 arabilem

89 2343 280 2406 reducamus
303 2341 356 2404 vel
381 2342 492 2425 aliquo
521 2347 668 2424 tempore
699 2342 849 2405 reducere
878 2345 1042 2424 possimus.
1089 2344 1151 2406 Pro
1178 2347 1239 2407 hac

88 2444 202 2502 autem
228 2439 430 2502 concessione
454 2437 625 2520 predictus
648 2439 747 2502 abbas
772 2445 805 2502 et
825 2445 1002 2502 conventus
1018 2448 1240 2504 concesserunt

90 2557 149 2619 per
164 2556 198 2598 se
214 2541 249 2597 et
263 2536 494 2599 successoribus
517 2536 582 2598 suis
605 2537 688 2597 mihi
712 2543 746 2597 et
769 2536 940 2599 heredibus
965 2538 1045 2599 meis
1066 2539 1152 2620 quod
1175 2559 1240 2601 non

90 2633 367 2715 superonerabunt
380 2653 585 2695 communem
602 2638 739 2715 pasturae
757 2633 919 2715 praedictae
935 2634 1021 2697 villae
1043 2636 1083 2697 de
1099 2636 1239 2698 Heiham

90 2749 152 2791 nec
166 2729 202 2791 in
217 2749 256 2791 ea
271 2727 364 2811 plura
377 2727 532 2790 animalia
547 2748 606 2790 nec
621 2729 686 2790 alia
700 2728 865 2791 habebunt
886 2750 985 2811 quam
1008 2731 1049 2793 ad
1065 2752 1118 2793 eos
1138 2733 1241 2813 perti-

91 2829 183 2886 nent.
229 2824 314 2887 Hab.
337 2828 372 2886 et
394 2828 460 2886 ten.
484 2824 659 2886 secundum
676 2821 815 2886 liberum
839 2830 1062 2888 tenementum
1086 2847 1180 2889 suum
1206 2829 1240 2890 in

91 2921 205 2982 eadem
221 2919 307 2982 villa.
354 2919 394 2981 In
410 2918 500 3002 cujus
516 2920 564 2981 rei
584 2919 822 2982 testimonium.

159 3113 298 3176 Thomas
316 3114 357 3176 de
379 3111 578 3191 Diueleston‚
600 3113 735 3175 salutem
755 3114 790 3174 in
813 3113 963 3176 Domino.
1010 3114 1089 3178 Nor.
1113 3136 1165 3176 me
1184 3136 1241 3197 pro
1312 3124 1371 3191 viij·

92 3231 137 3273 sa.
153 3230 205 3273 an.
221 3231 265 3272 m.
286 3216 321 3272 et
336 3230 422 3271 omn.
437 3216 542 3271 antec.
558 3215 591 3271 et
605 3209 672 3271 her.
685 3229 727 3272 m.
746 3208 819 3270 ded.
835 3230 923 3271 conc.
940 3215 974 3270 et
989 3230 1020 3290 p.
1037 3231 1064 3271 c.
1081 3211 1164 3271 conf.
1181 3231 1239 3292 pro
1264 3192 1411 3307 ffifflf

92 3327 145 3369 me
160 3313 193 3368 et
209 3306 276 3369 her.
288 3325 333 3367 m.
345 3304 415 3367 Deo
429 3310 463 3369 et
478 3305 516 3366 Β.
530 3304 577 3367 Μ.
589 3305 670 3368 Abb.
684 3309 718 3366 et
734 3303 831 3367 Conv.
844 3304 928 3366 Novi
944 3305 1033 3366 Mon.
1049 3307 1083 3366 in
1100 3306 1154 3367 lib.
1167 3327 1238 3387 pur.
1263 3324 1364 3373 Dilatan
1375 3323 1405 3370 os

92 3407 127 3466 et
154 3423 243 3486 perp.
270 3401 310 3465 el.
338 3402 499 3483 quandam
525 3401 669 3483 placeam
697 3409 791 3463 terras
817 3401 907 3463 sicud
934 3400 1097 3463 clauditur
1120 3402 1237 3465 fossato
1263 3388 1374 3504 ¹H³¹i¹dhffin

93 3520 133 3562 ex
156 3499 289 3561 australi
316 3504 407 3580 parte
434 3498 547 3560 domus
571 3498 733 3560 dictorum
757 3497 828 3559 abb.
854 3502 887 3558 et
911 3518 1001 3560 conv.
1028 3502 1062 3559 et
1086 3498 1237 3560 orientali
1298 3471 1315 3518 g
1376 3491 1382 3502 ’

92 3600 185 3678 parte
194 3595 280 3657 villae
295 3594 335 3657 de
348 3591 535 3675 Heiham),
551 3594 599 3654 ita
614 3593 698 3674 quod
714 3596 838 3674 possint
853 3594 975 3655 dictam
990 3593 1130 3676 placium
1145 3600 1238 3656 terras

92 3692 127 3753 in
143 3692 287 3754 clausura
310 3697 344 3752 et
367 3690 495 3753 defensa
518 3696 627 3752 tenere
649 3689 738 3752 sicud
753 3688 852 3770 (aab)
869 3692 1029 3772 propriam
1047 3695 1080 3752 et
1102 3690 1238 3752 liberam

92 3789 216 3849 curiam
239 3807 329 3848 suam
352 3788 420 3849 sine
442 3786 665 3868 inpedimento
688 3787 752 3847 mei
767 3785 817 3847 vel
839 3786 990 3848 heredum
1015 3806 1160 3849 meorum
1183 3806 1239 3848 seu

91 3884 328 3965 assignatorum
351 3888 410 3944 aut
432 3883 599 3944 hominnm
622 3886 815 3958 nostrorum,
830 3888 864 3944 et
888 3884 1040 3944 fossatum
1065 3904 1127 3965 quo
1150 3885 1239 3945 dicta

93 3979 198 4063 placia
231 3978 394 4042 clauditur
423 3998 581 4060 reparare,
610 3978 814 4040 reemendare
837 3984 871 4040 et
903 3999 1043 4041 remeare
1073 3981 1241 4060 quociens-

93 4096 230 4157 cumque
245 4081 280 4138 et
295 4075 559 4157 quandocumque
575 4074 717 4136 viderint
734 4076 893 4156 expedire.
939 4075 1099 4137 Praeterea
1114 4076 1188 4139 dedi
1206 4082 1241 4138 et

92 4191 181 4234 conc.
198 4174 232 4233 et
246 4171 307 4233 hac
322 4193 353 4253 p.
370 4191 397 4232 c.
413 4171 496 4232 conf.
512 4170 610 4231 dictis
625 4169 697 4232 abb.
714 4176 748 4232 et
764 4190 853 4231 conv.
867 4175 900 4231 et
920 4190 983 4231 eor.
1000 4191 1084 4233 suco.
1101 4173 1136 4233 in
1151 4192 1240 4256 perp.

92 4289 146 4330 sex
161 4287 249 4329 acras
264 4272 359 4330 terrae
374 4267 536 4350 inponet
552 4287 639 4348 perp.
652 4266 691 4328 el.
702 4266 737 4327 in
753 4266 915 4327 territorio
930 4265 970 4326 de
986 4266 1041 4340 H.,
1053 4269 1087 4328 in
1103 4270 1241 4350 quadarn

92 4365 232 4437 cultura,
261 4383 334 4446 quae
356 4367 487 4426 vocatur
510 4362 540 4423 le
563 4362 665 4443 Birys.
713 4361 798 4423 Hab.
822 4367 856 4424 et
890 4369 955 4423 ten.
982 4362 1041 4424 sibi
1064 4371 1099 4426 et
1120 4386 1241 4429 succes-

92 4459 219 4522 soribus
240 4460 305 4521 suis
317 4459 358 4520 de
374 4463 474 4534 meet
489 4458 555 4520 her.
573 4479 616 4520 m.
633 4456 685 4519 vel
701 4458 819 4539 assign.
847 4457 881 4519 in
907 4464 1110 4540 perpetuum.
1156 4461 1241 4525 Red-

649 4568 689 4614 ra
