2940 5048
415 124 462 176 DE
488 123 582 175 NOVO
607 122 843 175 MONASTERIO.

59 312 136 356 omn.
159 294 276 358 asiam.
300 292 504 356 libertatibus
519 297 553 354 et
569 297 651 373 pert.
678 292 742 352 suis
768 291 865 373 praed.
886 290 960 354 abb.
976 296 1010 354 et
1025 311 1110 353 mon.
1123 289 1206 351 Nov.

61 389 142 454 Mon.
164 395 200 452 et
220 410 286 453 eor.
301 410 387 451 suco.
413 389 535 451 ibidem
558 388 625 450 Deo
640 386 851 450 servientibus
871 388 906 448 in
924 393 1115 470 perpetuum
1133 405 1206 448 war.

59 506 121 568 aeq.
136 492 172 548 et
186 487 253 548 def.
267 492 381 548 eontra
395 505 515 547 omnes.
561 484 719 546 Testibus.

121 676 294 755 Omnibus,
308 681 372 738 eto.
418 678 556 739 Thomas
580 676 626 738 fil.
645 677 677 738 J.
694 677 733 738 de
749 677 917 754 Thimum,
933 676 1080 738 salutem.
1126 674 1207 736 Nov.
1283 676 1330 743 vij·

62 792 110 835 me
124 773 199 835 ded.
215 771 312 858 (aa)
326 792 416 835 cono.
432 773 513 835 eth.
529 793 561 854 p.
574 793 599 836 c.
616 773 700 835 oonf.
717 772 785 834 Deo
802 778 835 834 et
850 773 888 834 B.
905 773 952 834 M.
968 772 1052 834 Novi
1070 772 1159 834 Mon.
1175 776 1208 831 et
1233 745 1350 860 fimf

63 889 146 931 mon.
156 868 281 931 ibidem
291 868 359 931 Deo
371 889 450 931 serv.
461 889 518 950 pro
534 869 591 930 sal.
602 889 654 931 an.
664 889 709 932 m.
725 875 757 930 et
773 873 878 931 anteo.
894 873 928 931 et
942 890 1075 931 success.
1085 888 1129 930 m.
1145 875 1209 930 tres
1234 876 1364 939 Thimum,

63 985 148 1028 aoros
163 971 257 1028 terrae
272 986 344 1048 quae
359 971 491 1028 vocatur
503 965 723 1048 Langm0r‚·in
738 987 851 1048 campo
866 966 907 1027 de
922 967 1090 1040 Thimum,
1101 970 1211 1027 exten·
1234 941 1387 1059 {yffihffi

62 1060 174 1124 dentes
188 1082 222 1124 se
237 1081 360 1123 sursum
376 1083 432 1144 per
446 1062 563 1124 divisas
579 1061 619 1124 de
635 1061 773 1125 Kestern
788 1083 890 1144 usque
905 1062 946 1123 ad
961 1068 1081 1124 terram
1096 1060 1209 1143 Symo-
1236 1090 1304 1124 num.

63 1157 161 1219 nisde
173 1156 322 1239 Horaely,
338 1178 413 1219 oum
425 1163 507 1239 pert.
523 1163 557 1220 et
568 1160 734 1220 communi
750 1164 879 1241 pastura
894 1159 935 1220 ad
951 1164 1078 1220 tantam
1093 1164 1212 1219 terram

63 1254 245 1337 pertinente
260 1255 295 1315 in
306 1254 419 1315 eadem
433 1253 511 1316 villa
526 1255 566 1317 de
581 1255 749 1316 Thimum.
783 1255 861 1316 Ten.
875 1261 909 1316 et
923 1255 996 1316 hab.
1013 1255 1110 1316 dietis
1124 1273 1212 1315 mon.

63 1348 102 1412 de
128 1369 182 1411 me
206 1356 241 1412 et
267 1349 334 1412 her.
351 1370 395 1411 m.
410 1351 446 1411 in
461 1349 519 1413 lib.
534 1370 604 1431 pur.
621 1356 654 1412 et
670 1371 757 1432 perp.
775 1350 814 1412 el.
830 1351 929 1413 libere
944 1356 977 1412 et
992 1349 1165 1412 honorifice
1181 1353 1214 1409 et

64 1446 171 1527 quiete
181 1445 474 1508 abomnservioiia.
509 1447 560 1508 Ed
569 1446 580 1515 t
585 1444 650 1529 sio)
661 1447 741 1508 dicti
750 1467 835 1509 mon.
845 1447 964 1509 facient
974 1448 1013 1509 de
1023 1447 1118 1529 praed.
1129 1452 1215 1507 terra

65 1541 286 1604 omnimodum
301 1540 409 1622 profic.
426 1562 530 1618 suum,
545 1549 641 1624 prout
656 1544 701 1604 eis
716 1544 832 1604 melius
841 1545 946 1605 visum
958 1533 1067 1604 fuerit.
1099 1542 1144 1603 Et
1154 1562 1215 1623 ego

65 1637 205 1700 Thomas
227 1640 262 1698 et
282 1637 348 1698 her.
364 1657 408 1698 m.
423 1637 547 1700 dictam
570 1644 688 1700 terram
714 1640 810 1701 dictis
833 1660 920 1702 mon.
937 1639 1037 1701 sicud.
1053 1637 1151 1719 praed.
1167 1644 1217 1698 est

65 1738 178 1796 contra
193 1752 280 1794 omn.
295 1733 383 1795 hom.
399 1752 469 1796 war.
486 1753 556 1815 aeq.
572 1739 606 1797 et
620 1735 684 1797 def.
698 1735 734 1796 in
748 1740 950 1817 perpetuum.

132 1923 291 1989 Omnibus
315 1930 432 1987 sanatae
453 1925 576 2002 matris,
591 1931 653 1988 eto.
686 1926 824 1989 Thomas
839 1928 879 1989 de
895 1926 1118 2002 Buttioumbe‚
1133 1925 1217 1986 salu·
1289 1930 1346 1995 viij·

66 2027 147 2084 tem.
193 2020 277 2083 Nos.
292 2041 345 2084 me
360 2022 432 2084 ded.
447 2041 539 2084 cono.
555 2028 589 2084 et
603 2022 636 2084 h.
651 2042 697 2084 m.
713 2042 746 2103 p.
761 2042 791 2084 o.
807 2023 891 2085 conf.
907 2022 976 2084 Deo
991 2028 1026 2083 et
1041 2021 1078 2083 B.
1095 2021 1143 2084 M.
1153 2021 1215 2084 No.
1241 1997 1365 2113 ssffinfff

67 2116 158 2180 Mon.
182 2121 217 2179 et
240 2136 328 2180 mon.
343 2117 464 2179 ibidem
479 2117 548 2179 Deo
563 2117 785 2194 servientibus,
802 2138 858 2200 pro
879 2117 937 2180 sal.
953 2138 1004 2182 an.
1019 2139 1064 2180 m.
1080 2124 1114 2180 et
1129 2137 1215 2180 omn.
1242 2129 1373 2186 Thimum,

66 2219 174 2277 anteo.
194 2232 241 2276 m.
263 2218 298 2276 et
324 2232 514 2276 emessam.
541 2213 576 2274 in
592 2213 649 2276 lib.
673 2233 743 2295 pur.
764 2219 799 2275 et
812 2234 903 2295 perp.
918 2213 960 2277 el.
976 2218 1080 2276 totam
1097 2220 1216 2276 terram
1242 2194 1347 2311 1371130
1363 2193 1395 2243 ‘¹⁰

67 2332 176 2376 meam
190 2313 231 2375 de
246 2311 455 2395 Heselypeter
468 2313 504 2373 in
519 2333 633 2395 eampo
648 2314 687 2375 de
702 2313 872 2392 Thimum,
888 2334 958 2396 quae
978 2315 1068 2397 jacet
1087 2316 1218 2397 propin·
1242 2327 1337 2378 cumbe.

67 2410 164 2491 quius
178 2413 270 2471 terrae
285 2428 382 2490 quam
397 2409 536 2471 Thomas
551 2409 597 2471 fil.
605 2409 639 2473 J.
649 2410 741 2471 dedit
755 2410 851 2492 praed.
862 2430 949 2473 mon.
960 2412 996 2472 in
1011 2412 1138 2472 cultura
1146 2429 1217 2493 quae

69 2511 203 2567 vooatur
218 2505 399 2587 Langemor
413 2525 488 2566 oum
503 2510 584 2586 pert.
601 2526 625 2567 s.
664 2505 747 2567 Hab.
764 2510 799 2566 e‘t
813 2511 878 2567 ten.
895 2507 993 2568 dictis
1008 2527 1094 2570 mon.
1111 2508 1150 2569 de
1167 2528 1218 2569 me

70 2601 186 2663 ether.
198 2600 311 2663 m.lib.
323 2601 458 2663 honorif.
469 2600 528 2663 sol.
540 2607 574 2662 et
589 2601 656 2682 qui.
666 2601 708 2662 ab
719 2621 804 2662 omn.
817 2602 958 2663 serviciis
973 2622 1058 2664 oons.
1072 2623 1175 2665 exano.
1186 2606 1220 2665 et

70 2697 157 2760 dem.
173 2698 265 2760 sicud
279 2697 387 2779 aliqua
402 2698 444 2760 el.
459 2697 591 2759 liberius
606 2703 640 2759 et
655 2699 798 2780 quieoius
813 2699 915 2760 teneri
931 2705 1039 2781 potest
1054 2698 1105 2760 vel
1119 2701 1221 2781 possi-

71 2794 152 2857 deri.
197 2794 242 2854 Et
265 2793 345 2855 dieti
366 2813 453 2856 mon.
469 2792 590 2856 facient
606 2794 645 2856 de
661 2795 757 2875 praed.
777 2801 861 2856 terra
876 2797 1096 2857 omnimodum
1111 2795 1220 2877 profic.

71 2909 165 2951 suum
180 2893 276 2971 prout
290 2891 336 2951 eis
351 2889 465 2951 melius
480 2891 584 2951 visum
600 2890 707 2951 fuerit.
755 2891 800 2951 Et
814 2911 874 2972 ego
890 2891 1028 2951 Thomas
1043 2896 1078 2951 et
1093 2891 1161 2952 her.
1176 2911 1220 2951 m.

70 2987 149 3048 dict.
165 2992 285 3048 terram
299 2986 378 3048 diet.
394 3005 480 3047 mon.
496 2987 586 3048 sioud
602 2986 698 3067 praed.
715 2990 764 3048 est
779 2993 889 3047 contra
904 3004 989 3047 omn.
1002 2985 1089 3046 hom.
1099 3006 1172 3047 war.
1188 2992 1223 3047 et

71 3081 138 3145 det.
154 3083 190 3143 in
205 3087 406 3164 perpetuum.
452 3081 526 3143 Hiis
542 3081 688 3144 testibus.

141 3272 309 3347 Omnibus,
324 3278 384 3335 ete.
419 3273 501 3335 Rob.
527 3273 567 3335 de
592 3273 767 3336 Umfrauill
783 3293 887 3336 eomes
902 3272 1061 3355 Daneg0s‚
1076 3272 1222 3348 salutem,
1307 3280 1346 3330 ix·

73 3376 111 3433 et
123 3371 273 3433 dominus
288 3370 329 3431 do
344 3368 524 3444 Ridesdale,
540 3369 685 3432 salutem.
731 3369 813 3431 Nov.
839 3390 892 3431 me
907 3389 994 3431 cono.
1010 3372 1044 3430 et
1059 3389 1090 3450 p.
1107 3389 1135 3430 o.
1151 3389 1223 3430 nos·
1249 3346 1402 3463 fissssflgffl

74 3472 128 3528 tra
142 3464 302 3528 o'onf.Deo
316 3472 351 3527 et
366 3465 403 3527 B.
414 3465 461 3527 M.
474 3464 556 3528 Abb.
567 3471 601 3527 et
612 3486 695 3529 mon.
706 3465 769 3552 No.
781 3465 872 3527 Mon.
883 3467 918 3527 in
927 3465 984 3527 lib.
998 3485 1066 3547 pur.
1083 3469 1116 3527 et
1133 3485 1222 3547 perp.
1248 3480 1326 3528 above

74 3562 116 3625 el.
142 3581 252 3623 omnes
278 3568 377 3623 terras
399 3566 434 3622 et
456 3565 642 3623 tenemento
657 3581 727 3643 quae
743 3561 863 3622 habent
877 3583 915 3623 ex
930 3561 1014 3624 dono
1028 3560 1161 3623 Thomas
1176 3561 1222 3622 fil.
1248 3543 1403 3659 fflssgyrl

73 3658 109 3721 J.
124 3658 165 3719 de
179 3657 339 3718 Thimum
354 3662 388 3718 et
402 3655 557 3738 Stephani
573 3657 613 3718 de
628 3657 797 3731 Thimum,
813 3662 846 3718 et
862 3656 1018 3739 Stephani
1029 3656 1134 3718 filium
1145 3654 1221 3739 (sie)
1248 3676 1381 3740 ottingun.

74 3754 166 3817 Petri
177 3755 222 3825 ,de
238 3754 397 3816 Thimum
412 3755 447 3815 in
463 3754 550 3815 villis
565 3757 600 3815 et
610 3754 780 3815 territoriis
792 3754 831 3815 de
843 3754 1000 3815 Thimum
1011 3760 1045 3815 et
1060 3754 1099 3815 de
1110 3754 1225 3816 Sohar·

74 3851 189 3913 barton
205 3849 296 3911 sicud
311 3854 409 3912 oartae
423 3850 595 3911 eorundem
610 3853 801 3931 proportant
820 3855 852 3911 et
871 3855 1043 3911 testantur.
1089 3849 1176 3911 Hah.
1192 3855 1226 3912 et

74 3951 142 4008 ten.
152 3947 193 4008 de
208 3946 301 4008 nobis
316 3947 426 4009 ether.
435 3946 561 4020 nostris,
571 3947 717 4027 quietum
732 3945 774 4006 ab
789 3965 874 4006 omn.
886 3945 1029 4007 serviciis
1044 3952 1077 4007 et
1086 3947 1226 4008 maxime

74 4044 116 4104 de
131 4041 238 4104 officio
252 4041 412 4104 forestarii
428 4041 468 4105 de
484 4042 718 4122 Heuedeshope
733 4043 782 4102 ita
797 4040 854 4102 lib.
866 4047 900 4102 et
911 4061 990 4122 pure
1012 4042 1102 4103 sicud
1118 4040 1227 4125 aliqua

74 4138 117 4199 el.
134 4143 243 4219 potest
256 4138 325 4199 dari
341 4137 392 4199 vel
406 4137 573 4220 possideri.
618 4137 656 4198 In
674 4136 763 4217 cujus
780 4137 824 4198 rei
842 4137 1066 4198 testimonium
1083 4137 1228 4220 sigillum

76 4253 190 4294 meum
204 4233 350 4314 apposui.
388 4231 472 4293 Hiis
487 4230 636 4293 testibus.
