2940 5048
453 325 501 380 DE
525 326 621 380 NOVO
645 325 882 380 MONAS'OERIO.

76 518 155 561 rum
170 496 297 561 abbatis
311 498 346 559 et
360 498 534 558 conventus
558 496 599 558 ad
614 496 724 559 domos
740 493 861 580 (136b)
878 515 949 556 suas
964 495 1142 577 praedictas.
1189 494 1234 555 Et

78 596 108 657 si
139 614 287 677 processu
312 592 467 674 temporis
490 592 665 674 contigerit
689 592 810 653 dictam
834 591 977 673 placeam
1001 590 1151 653 aedificari
1181 583 1234 650 vel

79 689 149 753 alio
184 687 349 751 obstaculo
373 707 561 770 quocunque
590 686 714 769 largam
738 688 824 748 viam
851 687 1048 768 impediente
1074 685 1233 768 occupari,

80 786 197 848 statim
212 785 253 847 ad
270 785 470 846 voluntatem
480 784 622 866 ipsorum
638 784 694 865 qui
710 804 742 844 se
757 786 907 865 gravatos
922 783 1079 843 senserint
1094 786 1129 843 et
1143 783 1233 862 inpe-

81 882 180 956 ditos,
196 880 278 943 illud
293 879 496 941 obstaculum
516 884 735 961 prosternatur
758 885 792 939 et
815 883 1002 940 amoveatur
1017 878 1085 939 sine
1100 877 1233 939 alterius

80 979 186 1061 partis
201 976 466 1037 contradiccione.
511 975 574 1037 Pro
599 974 658 1036 hac
679 981 789 1037 autem
813 975 1014 1036 concessione
1035 973 1115 1034 dicti
1135 972 1233 1035 abbas

81 1078 119 1135 et
134 1093 225 1136 conv.
241 1077 430 1153 receperunt
445 1071 572 1132 dictum
582 1070 771 1133 'Walterum
788 1071 828 1133 ad
843 1071 1081 1133 fraternitatem
1097 1069 1233 1150 capituli

82 1168 147 1246 sui,
160 1173 198 1230 nt
213 1169 257 1230 sit
271 1169 432 1250 particeps
446 1167 592 1229 omnium
606 1167 762 1229 bonorum
788 1187 858 1249 quae
879 1171 954 1228 sunt
975 1167 1010 1227 in
1032 1165 1142 1228 ordine
1165 1184 1231 1226 suc.

82 1263 240 1328 Concedit
268 1268 302 1325 et
323 1264 411 1325 idem
444 1262 542 1324 abbas
564 1263 648 1344 quod
671 1263 777 1324 dictus
792 1261 951 1324 Walterus
975 1267 1008 1324 et
1030 1262 1096 1324 her.
1112 1261 1160 1322 sui
1176 1261 1234 1321 ha·

82 1359 183 1422 beant
200 1381 220 1422 a
244 1361 366 1442 pariete
381 1359 494 1421 domus
510 1379 574 1421 suae
589 1360 625 1421 in
640 1359 709 1421 loco
724 1359 877 1441 praedicto
895 1359 990 1440 juxta
1005 1358 1136 1419 domum
1151 1356 1233 1419 dicti
1257 1362 1351 1413 avoid

82 1455 259 1518 Alexandri
296 1456 440 1538 placeam
477 1456 698 1517 continentem
729 1455 942 1537 quadraginta
971 1458 1108 1536 quatuor
1137 1453 1233 1535 pedes
1256 1430 1401 1546 lgm&

82 1570 192 1613 versus
206 1570 304 1612 mare.
349 1550 403 1612 Ita
417 1548 502 1632 quod
517 1553 625 1611 totum
641 1551 803 1612 residuum
818 1549 937 1631 placeae
952 1549 1113 1631 praedictae
1128 1567 1234 1609 versus

83 1665 174 1708 mare
184 1645 294 1728 jaceat
308 1651 399 1707 vasta
423 1651 456 1707 et
470 1644 652 1708 inhabitata
675 1647 924 1727 imperpetuum,
936 1650 973 1705 ut
989 1664 1131 1726 peream
1153 1643 1234 1704 dicti
1335 1680 1339 1697 .

84 1741 183 1804 abbas
198 1746 233 1804 et
246 1747 421 1803 conventus
436 1745 471 1802 et
485 1760 594 1802 eorum
608 1741 753 1802 homines
764 1741 863 1802 libere
878 1746 912 1802 et
923 1739 1056 1822 pacifice
1071 1742 1235 1801 transeant

84 1858 162 1901 cum
177 1837 326 1899 omnibus
341 1837 531 1919 summagiis
554 1836 596 1898 ad
622 1836 745 1899 dictam
771 1836 903 1897 domum
929 1856 1019 1898 suam
1043 1834 1177 1897 ducend.
1201 1838 1234 1897 et

84 1933 256 1996 reducend.
272 1936 311 1993 ut
325 1932 514 2014 pradictum
537 1937 596 1993 est.
641 1932 687 1993 Et
710 1932 824 1993 volunt
847 1932 1009 2014 praedictae
1033 1935 1150 2013 partes,
1165 1933 1234 1991 tam

85 2030 193 2093 dictus
207 2028 368 2090 Walterus
383 2048 442 2110 pro
461 2048 493 2089 se
508 2032 543 2090 et
558 2026 624 2089 her.
641 2048 665 2088 s.
681 2048 778 2109 quam
797 2029 878 2089 dicti
902 2027 998 2089 abbas
1012 2032 1046 2088 et
1061 2031 1235 2088 conventus

84 2145 145 2208 pro
169 2145 202 2186 se
226 2129 260 2186 et
283 2143 417 2186 success.
441 2143 466 2185 s.
486 2122 572 2205 quod
597 2123 706 2185 omnia
728 2124 882 2205 praedicta
904 2123 1041 2184 firmiter
1064 2124 1235 2183 teneantur

85 2221 337 2302 imperpetuum,
353 2219 413 2282 sub
429 2239 525 2301 poena
548 2219 659 2281 decem
686 2239 866 2280 marcarum
889 2219 924 2279 in
940 2217 1119 2280 subsidium
1142 2221 1235 2278 terra

85 2316 206 2379 diotae.¹
253 2316 294 2378 In
309 2315 402 2398 cujus
416 2316 464 2377 rei
478 2315 716 2392 testimonium,
731 2321 792 2376 etc.

154 2506 312 2571 Omnibus
326 2507 410 2569 hanc
431 2511 565 2585 cartam,
580 2512 642 2570 etc.
666 2506 845 2570 Alexander
867 2506 912 2570 fil.
929 2504 1064 2569 Roberti
1086 2506 1126 2568 de
1148 2504 1236 2567 Neu·
1309 2508 1370 2576 viij·

86 2603 237 2686 biggfflg,
261 2603 407 2665 salutem.
453 2602 569 2665 Sciatis
595 2622 648 2664 me
671 2623 728 2685 pro
750 2602 806 2664 sal.
829 2622 882 2664 an.
905 2623 961 2679 m.‚
987 2603 1088 2684 patris
1112 2603 1176 2663 mai
1201 2607 1236 2664 et
1258 2576 1405 2693 3²22}st

86 2700 201 2762 matris
216 2719 306 2775 meae,
322 2703 356 2760 et
378 2718 464 2761 omn.
479 2704 584 2760 antae.
600 2704 634 2760 et
657 2699 722 2762 her.
739 2720 793 2777 m.,
810 2700 881 2761 ded.
897 2719 986 2761 conc.
1002 2698 1083 2761 eth.
1099 2719 1131 2781 p.
1148 2720 1173 2761 c.
1189 2719 1234 2767 m.
1258 2658 1322 2772 affy,
1335 2710 1369 2772 by

86 2794 172 2858 conf.
187 2814 245 2876 pro
262 2815 314 2855 me
330 2799 365 2855 et
379 2794 447 2857 ber.
462 2813 507 2857 m.
523 2794 558 2855 in
585 2793 640 2857 lib.
656 2800 691 2856 et
705 2815 776 2876 pur.
792 2799 827 2856 et
852 2815 941 2877 perp.
957 2795 998 2857 el.
1025 2794 1235 2857 sufficientem
1258 2773 1402 2889 fflfflff

86 2892 177 2954 viam
192 2891 260 2953 Deo
275 2896 309 2952 et
324 2889 362 2952 B.
379 2890 427 2953 M.
442 2895 477 2952 et
499 2889 581 2952 Abb.
605 2896 639 2952 et
666 2892 836 2952 conventui
858 2890 941 2954 Novi
964 2890 1054 2955 Mon.
1069 2899 1102 2954 et
1125 2912 1235 2954 eorum
1259 2905 1370 2970 bigging.

87 2986 275 3048 hominibus
289 2985 540 3067 quibuscunque,
557 3007 631 3047 cum
653 2987 750 3048 carris
766 2991 799 3047 et
826 2989 974 3048 carrectis
989 2993 1024 3048 et
1045 2989 1236 3051 omnimodis

87 3081 252 3164 coniugiis
260 3101 318 3163 per
329 3080 427 3162 prad.
440 3080 512 3143 abb.
526 3086 560 3143 et
573 3102 664 3145 conv.
674 3081 724 3143 vel
740 3081 885 3143 homines
903 3102 974 3144 suos
984 3082 1024 3144 ad
1035 3086 1235 3165 mesuagium

87 3178 233 3259 ipsorum
244 3176 370 3238 abbatis
385 3181 419 3239 et
430 3196 521 3239 conv.
534 3178 568 3238 in
580 3178 797 3259 Newbigging
806 3176 995 3253 faciendam,
1008 3198 1047 3239 ex
1057 3183 1236 3243 transverso

87 3276 183 3335 terrae
198 3292 279 3335 meae
302 3274 337 3334 in
364 3272 475 3334 eadem
500 3272 581 3334 villa
595 3274 772 3335 inmediate
791 3272 886 3354 juxta
912 3273 1009 3354 praed.
1033 3275 1235 3355 mesuagium

88 3367 174 3451 quod
189 3367 308 3430 dicitur
322 3368 507 3449 granarium
523 3370 667 3450 ipsorum
682 3369 808 3430 abbatis
834 3374 869 3430 et
883 3373 1069 3446 conventus,
1089 3389 1128 3431 ex
1143 3374 1234 3451 parte

88 3463 249 3526 orientali.
281 3462 366 3525 Hab.
393 3467 427 3525 et
452 3469 518 3525 ten.
542 3463 639 3546 praed.
663 3464 772 3527 abbati
797 3470 831 3525 et
854 3484 946 3525 conv.
970 3470 1005 3526 et
1030 3484 1139 3526 eorum
1166 3485 1236 3526 suc-

87 3559 264 3621 cessoribus
278 3560 529 3640 imperpetuum,
545 3558 654 3636 libere,
670 3561 790 3642 quiete,
806 3559 896 3634 bene,
911 3565 945 3622 et
960 3561 995 3621 in
1010 3580 1098 3642 pace,
1113 3561 1148 3621 in
1164 3581 1234 3642 pur.

89 3658 125 3717 et
147 3675 237 3737 perp.
252 3653 294 3717 el.
310 3655 392 3715 sicut
407 3654 598 3735 praedictum
621 3661 680 3732 est,
696 3655 814 3737 absque
836 3656 944 3737 aliquo
967 3653 1085 3741 (lara)
1099 3656 1236 3737 impedi·

88 3755 200 3812 mento
222 3749 288 3811 mei
308 3747 359 3811 vel
382 3749 533 3810 heredum
554 3770 710 3812 meorum.
755 3751 799 3811 Et
814 3749 903 3835 (epo)
917 3772 992 3814 vero
1009 3751 1187 3813 Alexander
1202 3756 1236 3813 et

88 3844 157 3907 her.
180 3866 224 3906 m.
240 3845 338 3926 praed.
355 3845 442 3907 viam
462 3864 536 3906 cum
560 3846 678 3927 pertin.
694 3833 856 3928 praedictis
878 3847 990 3909 abbati
1014 3854 1049 3909 et
1063 3846 1235 3911 conventui

90 3945 202 4001 contra
223 3960 333 4002 omnes
356 3941 502 4002 homines
522 3942 826 4019 warrantizabimus,
841 3942 1105 4025 acquietabimus,
1125 3948 1159 4005 et
1181 3943 1236 4004 de-

89 4033 255 4097 fendemus
271 4036 521 4117 imperpetuum.
568 4037 607 4098 In
624 4037 714 4119 cujus
730 4039 774 4098 rei
791 4039 1014 4101 testimonium
1029 4039 1236 4120 praesentibus

88 4131 232 4214 sigillum
248 4152 357 4194 meum
372 4133 515 4214 apposui.
561 4133 636 4195 Hiis
652 4133 800 4209 testibus,
815 4139 876 4195 etc.

408 4305 418 4336 ¹
436 4303 473 4359 So
485 4305 513 4358 in
525 4304 598 4375 MS.;
617 4323 633 4359 n
645 4305 761 4360 mistalra
771 4305 812 4358 for
822 4312 925 4361 concta.
