2940 5048
427 287 474 340 on
500 288 595 340 soso
621 286 858 339 nounsrnruo.
1372 269 1394 338 3

61 463 188 521 certam
205 457 439 540 precedentem
454 458 494 519 de
511 457 606 519 verbo
622 457 656 518 in
672 455 806 518 verbum
830 461 864 516 et
879 454 1027 517 concedit
1050 458 1087 516 ut
1103 453 1219 516 hahes·
1243 460 1296 510 tion
1307 461 1336 510 of
1351 461 1395 511 the

60 573 135 615 mus
160 554 300 616 liberum
324 554 449 616 exitum
471 553 607 636 peculiae
631 558 747 615 nostrae
762 551 804 614 sd
826 571 1031 613 communem
1054 555 1218 634 pasturam
1242 527 1375 658 ᾖξ’ὲζζῗξ

59 652 167 712 tocius
183 656 277 712 terrae
293 670 367 714 suae.

129 842 315 905 Willelmus
340 842 380 904 de
403 841 539 925 Merlsy¹
557 841 726 905 confirmat
742 841 842 924 patris
866 841 915 902 sui
944 841 1152 902 donacionem
1174 838 1215 900 de
1240 845 1376 922 Qonflrms-

62 939 161 1001 verbo
183 940 219 1001 in
243 939 376 1001 verbum
399 940 489 1001 sicud
512 941 613 1021 prius,
636 946 670 1002 et
692 957 897 1000 communem
920 942 1085 1019 pasturam
1110 937 1215 998 tocius
1239 912 1392 1027 lhlhbalnde

61 1040 155 1098 terrae
167 1056 242 1111 sure,
255 1039 289 1098 et
299 1036 385 1117 apud
397 1035 541 1118 Hulgsm
556 1037 695 1119 triginta
710 1055 797 1098 acras
811 1035 902 1098 silves
914 1035 1000 1097 ultra
1011 1033 1128 1095 divisas
1144 1053 1215 1115 quae
1238 1044 1346 1108 merloy.

62 1130 261 1194 confirmetae
277 1132 404 1194 suntin
418 1132 521 1214 priori
536 1137 634 1194 curte.

130 1322 299 1399 Omnibus,
334 1327 396 1385 etc.
421 1323 565 1405 Rogerus
595 1323 635 1386 de
659 1323 776 1386 Merlsi
802 1319 879 1406 ij‘ffl,
903 1323 1050 1385 salutem.
1097 1320 1215 1385 Sciatis
1240 1319 1375 1397 consena-

61 1439 116 1482 me
141 1440 200 1501 pro
225 1422 327 1482 salute
351 1421 470 1482 animae
493 1440 574 1482 meae
593 1426 628 1482 et
650 1421 756 1482 uxoris
778 1441 858 1485 mese
873 1427 908 1484 et
921 1425 1158 1482 antecessorum
1180 1422 1215 1480 et
1239 1387 1390 1501 fflfflgnd

61 1515 217 1577 heredum
232 1536 377 1577 meomm
393 1516 518 1578 dedisse
539 1521 574 1578 et
594 1519 783 1579 concessisse
808 1526 841 1580 et
865 1519 925 1580 hac
951 1516 1100 1598 praesenti
1125 1520 1214 1576 curta
1240 1518 1381 1568 Wansbeek

60 1611 263 1674 confirmasse
285 1612 375 1674 dicto
398 1616 432 1673 et
453 1611 550 1674 dictis
565 1614 759 1675 monasterio
782 1622 816 1676 et
836 1613 1002 1677 monachis
1022 1611 1105 1673 Nov.
1121 1610 1212 1672 Mon.
1237 1583 1366 1700 *RQ*

60 1712 167 1770 totam
182 1713 302 1770 terrem
317 1729 389 1789 quae
407 1708 496 1791 jacet
507 1709 602 1790 juxta
617 1729 734 1791 aquam
756 1731 830 1792 quae
852 1709 1019 1773 descendit
1034 1708 1074 1769 de
1089 1706 1213 1768 molen-

61 1803 140 1865 dino
155 1803 270 1866 Fulrez
285 1824 395 1866 versus
409 1804 517 1879 north,
533 1810 568 1867 et
583 1804 750 1868 descendit
765 1806 805 1868 de
821 1805 953 1868 flumine
971 1804 1011 1867 de
1026 1802 1214 1884 Wanspike,

61 1905 96 1961 et
119 1900 165 1962 sic
187 1920 295 1962 versus
317 1901 478 1963 orientem
501 1921 558 1982 per
573 1900 748 1982 Wenspike
772 1922 873 1984 usque
896 1902 937 1964 sd
960 1900 1066 1982 capud
1090 1899 1212 1960 fossati.

61 1995 108 2057 Et
123 1996 164 2057 de
179 1995 355 2079 Wanspilre
369 2017 478 2058 versus
492 2002 639 2059 austrum
653 2016 711 2078 per
736 1997 892 2059 fossatum
916 1995 987 2079 (lb)
1013 1994 1100 2076 quod
1123 1993 1214 2056 ducit

60 2092 103 2153 sd
126 2091 349 2153 molendinum
370 2091 495 2153 Fulrez.
543 2091 687 2155 Tenend.
704 2095 738 2153 et
759 2093 898 2155 hahend.
919 2093 954 2153 in
977 2111 1047 2173 pur.
1066 2094 1101 2151 et
1122 2110 1212 2173 perp.

60 2187 103 2250 el.
129 2186 169 2249 de
192 2208 244 2250 me
268 2192 302 2250 et
325 2188 497 2250 heredibus
526 2189 608 2249 meis
632 2188 667 2248 in
697 2195 900 2270 perpetuum.
955 2187 1005 2250 Ad
1029 2186 1213 2248 faciendum

59 2288 169 2345 totum
184 2283 362 2366 proficuum
377 2305 470 2346 suum
485 2284 577 2347 sicud
591 2284 752 2346 voluerint
767 2290 801 2347 et
816 2284 906 2347 sicud
918 2285 965 2347 eis
976 2283 1144 2366 placuerit.
1168 2283 1213 2345 Et

59 2400 123 2461 ego
143 2380 286 2464 Rogerus
306 2381 347 2442 de
367 2380 486 2443 Merlui
509 2387 542 2443 et
564 2380 697 2443 heredes
719 2383 783 2443 mei
799 2402 872 2444 war.
887 2386 922 2443 et
944 2381 1007 2443 def.
1023 2379 1213 2463 predictum

58 2480 181 2538 terram
217 2477 382 2558 predictis
413 2476 580 2538 monachis
617 2483 728 2539 contra
758 2497 868 2540 omncs
898 2477 1045 2540 homines
1074 2476 1110 2537 in
1139 2496 1213 2558 per-

59 2576 206 2654 petuum.
250 2571 401 2635 Testibus
416 2571 552 2656 (nomes
566 2578 626 2635 not
639 2570 766 2656 moen).

1299 2755 1327 2795 v·

128 2763 294 2842 Omnibus,
309 2768 372 2827 eto.
417 2763 562 2846 Rogerus
577 2766 617 2827 de
633 2765 750 2828 Merlsi
767 2767 898 2842 tercius,
913 2765 1062 2829 salutem.
1089 2761 1209 2827 Sciatis

60 2880 113 2922 me
128 2879 186 2941 pro
201 2861 310 2922 enims
325 2860 426 2943 patris
442 2862 507 2924 mei
523 2866 557 2924 et
571 2881 629 2943 pro
648 2860 751 2923 salute
772 2863 888 2925 nnimae
907 2883 988 2925 mere
1008 2867 1041 2923 et
1063 2860 1210 2922 omnium
1235 2814 1379 2930 mim

58 2961 295 3018 antecessorum
310 2977 457 3019 meorum
472 2963 506 3019 et
521 2956 678 3019 heredum
703 2958 893 3020 concessisse
907 2963 940 3019 et
955 2956 1106 3040 praesenti
1121 2959 1210 3017 certa
1234 2969 1317 3046 smne
1327 2968 1356 3017 of

59 3050 264 3113 confirmasse
290 3051 360 3113 Deo
386 3057 420 3114 et
446 3053 611 3115 monachis
634 3052 777 3116 ecolesiae
807 3052 839 3116 S.
865 3052 980 3115 Meriae
1009 3052 1092 3114 Nos.
1118 3050 1208 3113 Mon.
1234 3042 1290 3149 ξω
1304 3044 1348 3084 etc.

58 3146 168 3209 locum
192 3147 249 3210 ubi
264 3148 430 3210 Abbathis
444 3150 509 3211 sitc
523 3155 582 3224 est,
598 3154 631 3211 et
646 3155 750 3212 totam
766 3150 884 3211 vallem
904 3149 990 3210 inter
1006 3146 1158 3230 Morpath
1176 3150 1210 3207 et
1234 3100 1363 3218 ἅμα

59 3243 199 3305 Mitiord
229 3264 303 3306 cum
333 3245 482 3307 omnihus
512 3246 721 3328 pertinenciis
751 3250 784 3307 et
814 3245 966 3327 plenariis
996 3242 1108 3304 divisis
1145 3243 1211 3304 suis

59 3359 100 3402 ex
114 3343 252 3421 utraque
267 3346 358 3421 parte
373 3359 475 3423 equae,
491 3345 560 3403 tam
580 3343 616 3403 in
636 3340 754 3402 boscho
776 3361 873 3422 quam
894 3341 930 3401 in
945 3339 1053 3421 plano,
1067 3338 1157 3400 sicud
1172 3338 1210 3399 in

59 3436 156 3497 cartis
171 3440 407 3498 antecessorum
429 3457 575 3499 meomm
590 3441 624 3498 et
639 3437 720 3498 meis
740 3436 865 3518 plenius
887 3437 1081 3508 continetur,
1097 3437 1211 3516 grang’

59 3533 163 3593 eciam
186 3531 227 3593 de
247 3531 363 3594 Ritton
383 3538 417 3595 et
437 3534 478 3596 ds
499 3533 654 3616 Hulgam‚
673 3553 747 3594 curn
768 3532 917 3595 omnihus
932 3531 1048 3594 clausis
1064 3533 1098 3593 et
1112 3532 1210 3593 rectis

59 3628 172 3689 divisis
194 3629 270 3704 suis,
286 3633 320 3690 et
346 3649 420 3690 cum
441 3630 589 3692 omnibus
611 3629 685 3691 aliis
699 3630 919 3711 pertinenciis,
934 3628 1151 3704 libertatibus,
1175 3632 1208 3689 et

60 3725 259 3802 aeramentis,
274 3729 343 3786 tem
366 3726 400 3785 in
416 3725 532 3788 boscho
547 3747 644 3807 quam
667 3727 702 3786 in
722 3725 830 3807 plano.
875 3724 1022 3789 Concessi
1037 3725 1141 3787 eciam
1163 3725 1210 3786 eis

60 3825 94 3881 et
108 3820 260 3901 praesenti
276 3825 365 3881 certa
379 3839 452 3882 mes
467 3822 653 3883 confirmavi
669 3826 707 3883 ut
721 3821 862 3883 habeant
877 3840 1080 3882 communem
1100 3825 1211 3902 pestu-

61 3936 130 3978 ram
145 3915 186 3978 de
198 3916 326 3978 Witton
335 3935 409 3978 cum
418 3917 629 3998 pertinenciis
639 3918 705 3979 suis
716 3916 871 3998 plenarie,
880 3914 1018 3989 scilicet,
1027 3914 1210 3996 Wyndegst

117 4111 125 4142 ¹
144 4109 222 4164 Will
236 4110 270 4164 de
288 4108 393 4179 Merlsy
405 4125 473 4178 gave
489 4115 641 4164 scnrucste
659 4109 690 4163 of
708 4109 772 4163 lsnd
791 4109 834 4162 for
852 4125 868 4162 s
885 4109 977 4163 doinus
994 4109 1163 4182 infimorum
1180 4118 1211 4164 st

63 4188 196 4259 Morpeth.
233 4187 290 4242 The
308 4188 413 4243 cherter
430 4188 455 4241 is
472 4187 580 4260 printed
600 4188 628 4241 in
647 4189 781 4260 Dugdele,
797 4207 823 4261 p.
842 4189 905 4256 400,
918 4189 977 4242 ‘Ex
997 4191 1162 4262 autographo
1181 4189 1209 4243 in

62 4264 225 4321 bibliothece
236 4265 421 4321 Hnttonisns!

114 4351 125 4380 ²
143 4346 201 4400 The
213 4345 359 4400 side-notes
370 4353 401 4399 in
413 4345 497 4400 itclr‘cr
511 4363 557 4400 ere
569 4345 597 4399 in
608 4345 654 4400 the
666 4344 724 4399 MS.
738 4344 766 4399 in
785 4351 988 4418 contemporary
1000 4364 1030 4401 or
1041 4348 1115 4418 early
1127 4348 1210 4401 hend-

65 4424 180 4495 writing.
217 4424 304 4478 There
316 4441 361 4479 ere
373 4425 474 4479 several
486 4424 513 4478 in
527 4443 544 4478 a
555 4426 624 4479 luter
632 4424 711 4491 hand,
724 4432 772 4478 not
784 4424 845 4479 here
857 4425 944 4496 gisen.

615 4521 661 4566 ri
