2940 5048
455 316 503 372 Du
528 318 623 372 Novo
648 317 884 372 mortuorunm.

79 488 162 553 inde
177 486 299 565 debita,
313 493 347 551 et
362 487 403 551 de
413 485 489 570 jure
503 493 666 552 consueta.
713 488 757 551 Et
772 509 832 573 ego
848 509 922 552 vero
937 488 1037 572 praed.
1052 489 1236 555 Willelmus

82 590 121 649 'et
145 586 211 648 her.
229 607 273 647 m.
292 586 403 647 omnia
428 586 527 667 proed.
544 590 610 649 ten.
633 592 710 648 terr.
735 592 770 648 et
792 590 936 669 pratum,
959 607 1034 649 cum
1058 591 1235 652 reversione

84 682 171 745 dotis
185 682 331 765 ejusdem
346 676 536 758 tenementi,
551 702 589 744 sc
605 703 678 744 curn
700 682 891 745 duodecima
913 689 1004 766 parte
1024 685 1235 748 emolumenti

82 779 263 842 molendini
279 779 427 861 predicti
442 779 596 861 predicto
611 779 764 857 Roberto‚
779 779 886 842 hered.
902 785 937 842 et
952 781 1071 864 assign.
1081 803 1105 844 s.
1121 787 1235 844 contra

84 896 198 938 omnes
213 881 327 958 gentes
342 895 415 936 war.
430 880 465 937 et
479 875 617 958 imperp.
633 875 850 940 defendemus.
896 877 936 938 In
959 876 1051 959 cujus
1073 880 1119 941 rei
1142 879 1236 941 testi-

83 973 231 1034 monium
247 972 398 1054 praesenti
413 976 510 1034 osrtae
525 971 670 1054 sigillum
684 993 793 1035 meum
809 974 952 1055 apposui.
997 973 1072 1036 Hiis
1086 977 1235 1053 testibus,

83 1067 226 1131 dominis
238 1068 379 1131 Roberto
394 1068 542 1152 Derrays,
557 1068 694 1131 Ricardo
709 1068 837 1144 Benett,
850 1069 1021 1146 militibus,
1030 1070 1052 1132 J
1053 1071 1179 1135 ohanne
1193 1073 1234 1135 de

84 1163 238 1240 Fawdon,
253 1164 275 1228 J
277 1165 401 1227 ohanne
423 1164 463 1226 de
487 1163 688 1247 Walington,
703 1165 829 1227 Thoma
850 1165 891 1227 de
905 1166 1052 1242 Wotton,
1067 1167 1233 1231 Willelmo

84 1259 126 1324 de
151 1261 302 1337 Fawdon,
328 1259 478 1323 Johanne
503 1260 544 1322 dc
568 1259 693 1343 Slegill,
716 1267 751 1323 et
778 1260 891 1323 multis
917 1262 1001 1324 aliis.
1046 1263 1122 1327 Dat.
1146 1265 1233 1348 apud

83 1357 310 1440 Langwotton,
327 1356 381 1419 die
404 1356 564 1419 Mercurie
582 1354 658 1438 (sic)
673 1376 760 1437 prox.
776 1362 851 1420 ante
874 1357 991 1420 festum
1017 1359 1130 1423 Sancti
1153 1362 1233 1424 Bar-
1256 1377 1361 1434 11117.

82 1453 176 1519 nabae
191 1453 350 1537 Apostoli,
364 1473 449 1515 anno
463 1453 597 1515 Domini
613 1452 664 1514 Μ0
679 1459 771 1515 cce¹²¹⁰
785 1454 1040 1537 quadragesimo.
1256 1459 1308 1495 ω·
1323 1448 1397 1498 ¹³4⁰·

145 1645 271 1734 lima)
303 1647 462 1711 Noverint
491 1647 634 1710 universi
663 1667 721 1731 per
750 1652 922 1729 praesentes
952 1669 1009 1712 nos
1038 1649 1232 1714 Nicholuum
1258 1673 1381 1723 Boudroe

86 1745 220 1828 'hrrpyn
246 1743 287 1808 de
310 1743 530 1807 Whitchester
554 1744 588 1805 11
616 1763 698 1806 com.
723 1742 977 1821 Northumbriae,
992 1747 1184 1829 gentilman,
1200 1754 1233 1812 et
1259 1740 1397 1793 10118113·

85 1842 245 1904 Thomam
271 1840 312 1904 de
335 1840 455 1918 Reede,
478 1840 519 1903 de
543 1839 576 1903 la
592 1840 693 1916 Closs,
713 1840 749 1901 in
773 1841 886 1902 eodem
913 1862 1007 1919 com,
1030 1844 1232 1926 gentylman,

86 1938 192 2001 teneri
207 1942 242 2000 et
256 1937 320 1999 fide
341 1935 541 2018 conjunctim
564 1941 598 1999 et
620 1936 749 1998 divisim
773 1935 909 1999 firmiter
932 1937 1071 2021 obligari
1093 1940 1253 2005 Roberto¹

86 2033 208 2111 Elmet‚
234 2034 270 2097 in
300 2033 535 2116 quinquaginta
565 2053 663 2095 marc.
688 2032 927 2115 sterlingorum,
957 2035 1097 2102 solvend.
1127 2039 1233 2101 cidem

86 2131 226 2194 Roberto
237 2130 347 2193 Elmet
362 2134 419 2192 aut
434 2150 490 2194 suo
505 2134 592 2192 certo
606 2133 780 2204 attornato,
790 2129 856 2190 her.
869 2150 925 2192 seu
936 2140 1093 2195 executor.
1106 2136 1182 2213 suis,
1191 2135 1233 2198 ad

86 2229 205 2291 festum
223 2226 334 2290 Sancti
356 2227 448 2289 Petri
470 2225 555 2308 quod
571 2226 692 2288 dicitur
715 2226 786 2286 ‘Ad
801 2225 957 2288 Vinculn'
979 2247 1067 2309 prox.
1087 2229 1233 2293 futurum

86 2329 158 2409 post
173 2325 241 2386 dat.
256 2323 467 2406 praesencium
477 2322 546 2385 sine
555 2321 714 2385 dilacione
726 2321 880 2385 ulteriori.
926 2323 977 2385 Ad
988 2344 1087 2406 quam
1102 2327 1233 2409 quidem

87 2421 295 2496 solucionem,
304 2424 342 2481 ut
353 2419 551 2502 predicitur,
561 2419 642 2482 bene
654 2424 688 2480 et
700 2417 839 2481 fideliter
851 2418 1040 2497 faciendam,
1052 2422 1233 2507 obligamus

85 2539 142 2581 nos
151 2523 185 2581 et
196 2523 371 2599 utrumque
380 2520 526 2578 nostrum
538 2535 594 2597 per
610 2536 654 2589 se,
663 2534 721 2596 pro
735 2519 816 2592 tote,
827 2519 861 2578 et
876 2516 911 2577 in
927 2516 1076 2595 solidum,
1092 2520 1232 2584 haeredes

86 2620 120 2677 et
134 2618 319 2677 executores
342 2619 468 2675 nostros
483 2618 516 2675 et
532 2613 641 2674 omnia
662 2611 745 2674 bona
766 2618 875 2674 nostra
890 2634 947 2696 per
962 2621 1145 2697 praesentes.
1191 2618 1233 2680 In

85 2711 178 2793 cnjus
202 2712 249 2773 rei
272 2710 496 2773 testimonium
519 2708 730 2791 praesentibus
753 2709 861 2791 sigilla
885 2715 993 2773 nostra
1015 2714 1230 2795 apposuimus.
1255 2726 1357 2777 iones.

78 2807 161 2872 pac
177 2813 292 2870 octavo
307 2807 360 2869 die
375 2805 479 2882 Junii,
494 2825 578 2868 anno
594 2806 685 2889 regni
702 2805 787 2888 regis
802 2806 937 2868 Henrici
954 2807 1045 2871 Sexti
1061 2811 1209 2875 secundo.
1256 2807 1310 2845 ω·
1323 2796 1396 2845 1424.

148 3001 308 3064 Noverint
322 2999 462 3062 universi
485 3019 541 3082 per
559 3004 741 3081 praesentes,
756 3019 815 3061 nos
831 2968 1025 3063 Nicholaum
1041 3001 1174 3086 Turpyn
1191 3004 1232 3068 de
1257 3013 1395 3070 Quiulsim

84 3096 313 3174 Whitchester,
329 3096 537 3180 armigerum,
552 3095 643 3157 Will.
661 3095 804 3157 Howden
827 3094 868 3157 de
889 3096 1095 3179 Bedlington‚
1111 3120 1231 3178 meson,
1256 3081 1376 3143 ‘'high‘'

85 3194 125 3258 de
148 3215 231 3256 com.
254 3193 464 3256 Northumbr.
488 3193 658 3269 remisisse,
685 3192 847 3267 relaxasse,
872 3198 907 3254 et
927 3193 1058 3256 omnino
1079 3195 1119 3258 de
1140 3197 1232 3259 nobis
1256 3161 1283 3196 m
1296 3146 1397 3210 Hughs.

84 3295 118 3354 et
140 3290 207 3353 her.
231 3291 348 3353 nostris
366 3291 606 3372 imperpetuum
627 3288 928 3371 quictumclamasse
948 3289 1089 3353 Roberto
1111 3292 1233 3371 Elmet‚

84 3392 192 3450 totum
211 3385 266 3468 jus
281 3391 316 3449 ct
330 3384 490 3448 clameum
506 3387 546 3448 de
561 3386 710 3448 omnibus
729 3385 823 3447 terris
838 3390 871 3446 et
887 3391 952 3448 ten.
969 3385 1086 3448 reddit.
1102 3392 1136 3450 et
1151 3409 1231 3452 serv.

78 3497 158 3546 ‘cum
185 3482 260 3545 aliis
283 3482 348 3544 suis
373 3483 493 3564 pertin.
509 3502 580 3564 quae
604 3481 777 3543 habuimus
801 3481 836 3542 in
856 3481 935 3543 villa
954 3487 988 3545 et
1010 3484 1171 3546 territorio
1192 3486 1232 3548 de

83 3579 204 3663 Hughe
213 3580 249 3640 in
263 3577 353 3641 dicto
364 3578 533 3641 comitatu.
559 3577 643 3640 Η111.
660 3582 695 3639 et
710 3583 777 3639 ten.
793 3579 902 3639 omnia
916 3578 1015 3659 praed.
1028 3582 1102 3641 terr.
1115 3586 1150 3642 et
1164 3587 1231 3644 ten.

83 3676 172 3739 redd.
189 3683 223 3739 et
246 3693 417 3737 aerucam
441 3675 590 3737 omnibus
613 3672 687 3735 aliis
710 3674 775 3735 suis
797 3675 915 3756 pertin.
931 3675 1021 3756 praef.
1037 3674 1177 3739 Roberto
1192 3678 1232 3740 de

84 3775 205 3852 Elmet‚
220 3774 288 3836 her.
311 3778 346 3835 et
368 3774 487 3856 assign.
510 3794 535 3836 s.
558 3770 678 3859 (1481))
694 3773 945 3855 imperpetuum.
990 3774 1043 3837 Ita
1066 3776 1150 3858 quod
1172 3797 1231 3839 neo

83 3892 139 3935 nos
154 3870 263 3934 dictus
277 3869 373 3932 Nich.
390 3876 424 3932 et
439 3868 528 3932 Will.
541 3889 600 3931 nec
615 3870 683 3932 her.
693 3870 792 3931 nostri
809 3870 993 3953 necaliquis
1004 3871 1087 3934 alius
1101 3875 1233 3936 nomine

83 3972 202 4044 nostro,
217 3967 347 4049 aliquod
363 3965 447 4048 juris
462 3986 518 4029 seu
533 3965 648 4029 clamei
671 3966 706 4027 in
721 3967 870 4029 omnibus
886 3967 953 4030 illis
975 3969 1070 4030 terris
1092 3974 1126 4031 et
1141 3977 1232 4033 tene-

82 4064 214 4140 mentis,
229 4064 317 4127 redd.
334 4068 369 4125 et
383 4083 462 4125 serv.
479 4063 681 4144 supradictis,
696 4082 755 4124 nec
771 4063 805 4123 11
829 4062 937 4145 aliqua
958 4065 1096 4146 parcella
1117 4087 1232 4129 eorun-

83 4162 157 4224 dem
171 4161 312 4243 exigere,
327 4158 477 4236 clamare,
493 4179 548 4220 seu
563 4158 733 4221 vendicare
751 4160 927 4240 poterimus
943 4161 977 4222 in
993 4161 1105 4240 futur„
1120 4164 1174 4226 scd
1191 4164 1232 4226 ab

83 4257 172 4320 omni
187 4256 318 4318 accione
333 4254 418 4337 juris
433 4274 490 4316 seu
504 4253 619 4316 clamei
636 4253 711 4316 inde
727 4254 826 4315 simus
840 4254 960 4317 exclusi
981 4257 1230 4340 imperpetuum.

84 4352 124 4415 In
139 4351 230 4435 cujus
245 4353 294 4414 rei
308 4351 532 4415 testimonium
548 4350 625 4411 huic
639 4370 730 4431 praes.
746 4351 865 4431 scripto
878 4355 986 4414 nostro
1001 4353 1109 4434 sigilla
1123 4363 1232 4419 nostra

83 4450 304 4534 apposuimus.
348 4447 425 4511 Η111
454 4446 603 4526 testibus,
627 4446 792 4510 Willelmo
816 4448 937 4526 Heron,
961 4448 1100 4516 Roberto
1124 4452 1231 4536 0ng,
