2940 5048
465 174 512 225 nn
536 172 631 225 novo
658 174 891 228 1111111111.
1352 156 1422 229 179

104 342 135 403 et
148 358 240 423 perp.
251 340 294 402 el.
309 341 554 423 percipiendum
569 344 737 405 annuatim
753 343 793 407 de
807 345 840 407 J.
857 344 903 408 fil.
919 343 1078 425 Nicholay
1092 345 1132 407 de
1148 344 1248 408 Cimi·
1272 352 1388 405 (1111111.

103 436 181 498 terio
204 439 240 497 et
254 436 321 499 ber.
338 437 405 499 suis
420 438 471 499 vel
484 440 600 521 assign.
624 458 681 520 pro
697 446 782 501 terra
797 460 835 502 ex
850 442 984 503 australi
1001 447 1092 524 parte
1107 441 1246 504 ecclesiae

102 529 211 595 Sancti
222 532 396 595 Michaelis
410 533 466 595 ubi
482 534 626 616 figuntur
641 537 791 598 tentoria.
836 536 915 600 Ten.
931 542 965 599 ct
979 537 1051 611 hab.
1061 537 1156 599 dictis
1171 536 1245 600 abb.

100 632 134 689 et
147 647 239 690 conv.
254 629 291 689 in
305 634 498 711 perpetuum
513 630 593 692 adeo
614 630 670 692 lib.
687 632 753 712 qui.
769 638 803 693 et
827 633 888 693 int.
916 634 1005 694 sicud
1029 640 1119 696 carta
1145 634 1244 715 praed.

99 722 233 786 Henrici
245 744 344 806 quam
355 725 431 787 inde
447 725 566 787 habent
577 732 744 808 proportat
768 732 801 789 et
824 732 972 790 testatur.
1019 729 1063 791 Et
1078 728 1245 791 sciendum

98 819 184 901 qnod
209 818 325 883 licebit
349 821 446 883 dictis
465 820 538 884 abb.
554 828 588 883 et
602 842 693 885 conv.
708 822 901 905 distringere
916 829 950 886 et
965 826 1107 887 namiare
1122 824 1244 886 dictam

97 918 215 977 terram
231 920 267 978 et
280 916 398 979 catalla
411 917 447 978 in
461 937 499 979 11
512 916 646 979 inventa
660 938 717 1001 pro
732 919 863 981 defectu
877 919 1047 981 solucionis
1068 922 1149 983 dicti
1172 920 1244 982 red·

96 1009 185 1073 ditus
209 1013 279 1074 sine
303 1014 525 1095 inpedimento
551 1020 585 1076 et
608 1015 863 1077 contradiccione
888 1016 953 1076 mei
978 1021 1011 1078 et
1037 1019 1104 1080 her.
1129 1039 1173 1079 m.
1190 1015 1243 1079 vel

95 1108 214 1190 mign.
230 1110 423 1172 nostrorum.
469 1109 509 1170 In
524 1109 616 1192 cujus
630 1111 687 1172 rei.
732 1111 892 1187 Testibus,
908 1116 969 1174 etc.

340 1392 530 1458 ΝΕΙΠὈΝ.
577 1392 764 1459 GRADUS
786 1393 995 1474 QUINTUS.

157 1564 200 1625 W
199 1565 320 1628 alterus
333 1566 374 1628 de
390 1566 517 1643 Bolum,
533 1566 679 1629 salutem.
725 1566 842 1630 Sciatis
866 1588 918 1628 me
943 1568 1072 1631 dedet
1096 1569 1128 1631 b.
1151 1591 1195 1631 11.
1212 1592 1241 1634 1.
1265 1585 1302 1635 loe
1289 1602 1331 1636 eus
1339 1587 1402 1651 jm

92 1660 176 1723 conf.
190 1660 260 1724 Deo
273 1667 372 1744 atque
387 1662 592 1727 abbathiaeS.
607 1662 656 1724 M.
671 1662 757 1724 Novi
773 1663 912 1725 Monet
932 1683 1019 1726 mon.
1035 1663 1157 1726 ibidem
1172 1666 1241 1729 Deo
1327 1665 1352 1731 j

92 1757 316 1866 servientibus,
331 1778 389 1840 pro
403 1758 506 1821 salute
521 1758 645 1821 domini
668 1759 732 1820 mei
756 1759 891 1820 Henrici
908 1758 1019 1841 Regis,
1034 1759 1241 1870 filiorumque
1265 1731 1348 1845 ἔξω
1307 1804 1378 1853 ,mm
1320 1735 1386 1781 ntof

90 1852 160 1935 ejns
174 1858 209 1917 et
223 1875 311 1917 omn.
327 1860 431 1918 antec.
447 1876 492 1917 m.
507 1875 565 1937 pro
580 1855 683 1916 salute
698 1875 824 1937 quoque
848 1856 963 1917 animae
975 1876 1066 1933 mese,
1079 1858 1241 1920 omnium-
1264 1862 1298 1926 by
1315 1863 1408 1913 Walter

90 1968 153 2031 que
166 1954 339 2032 parentum
348 1954 382 2012 et
393 1951 568 2013 amicorum
581 1970 737 2024 meorum,
752 1951 936 2012 Neutunam
939 1971 1056 2032 ‚quum
1068 1958 1241 2018 tenuenmt
1264 1926 1296 1978 ὼ
1307 1929 1371 1979 B⁰¹¹¹
1355 1946 1405 1981 ”¹¹²

90 2045 131 2107 de
145 2044 267 2108 Jaoobo
280 2066 341 2108 avo
355 2066 426 2109 meo
440 2052 473 2108 et
489 2045 707 2109 Gilbertot
650 2050 707 2127 pat
708 2066 741 2107 re
756 2066 827 2107 meo
843 2066 898 2127 per
915 2066 985 2107 suas
995 2051 1097 2108 rectas
1109 2047 1238 2124 divisas,

89 2140 125 2203 in
139 2139 258 2204 boscho
272 2147 307 2205 et
321 2144 356 2204 in
370 2141 477 2224 plano,
492 2142 527 2203 in
541 2142 642 2224 pratis
656 2146 690 2203 et
705 2142 855 2222 pasturis,
871 2141 905 2201 in
917 2142 1015 2202 moris
1030 2148 1065 2204 et
1083 2145 1237 2224 mariscis,

87 2237 123 2299 11
145 2239 239 2320 aquis
260 2242 294 2301 et
315 2238 508 2301 molendinis
531 2242 565 2300 11
580 2237 733 2299 multuris
749 2243 783 2299 et
805 2239 839 2298 in
863 2238 986 2320 stagnis
1009 2237 1185 2317 firmandis,
1202 2243 1235 2303 in

86 2333 149 2397 viis
161 2354 201 2397 ac
216 2335 350 2412 semitis,
362 2337 396 2398 et
410 2354 484 2396 oum
498 2353 585 2396 omn.
598 2338 678 2415 pert.
694 2335 771 2412 suis,
779 2332 911 2396 tenend.
920 2334 960 2395 de
970 2335 1050 2395 meis
1066 2336 1236 2400 heredibus

85 2430 177 2493 etde
191 2450 246 2493 mc
266 2431 302 2492 in
316 2451 385 2513 pur.
402 2434 437 2492 et
451 2450 541 2512 perp.
557 2429 598 2492 el.
614 2429 749 2491 liberam
765 2434 798 2491 et
813 2430 952 2491 solutam
968 2435 1002 2492 et
1016 2431 1160 2512 quietam
1176 2454 1234 2495 no-

84 2525 275 2589 1111111111
288 2526 422 2589 servicio
435 2525 534 2608 Regis
549 2526 635 2607 quod
650 2525 771 2586 dicitur
787 2524 931 2601 Utward,
954 2532 987 2587 et
1004 2526 1043 2588 de
1059 2548 1146 2591 omn.
1161 2529 1234 2593 aliis

83 2622 224 2685 11111111
247 2622 391 2684 serviciis
416 2627 451 2683 et
479 2619 764 2683 consuetudinibus
787 2627 821 2682 et
846 2623 1067 2684 exaccionibus
1094 2645 1165 2705 quse
1191 2627 1233 2689 ad

83 2734 196 2799 regem
219 2716 272 2779 vel
293 2717 336 2780 ad
358 2737 412 2779 me
438 2717 488 2779 vel
510 2715 552 2778 ad
583 2716 684 2778 alium
708 2715 850 2797 aliquem
866 2718 1051 2798 pertinent3
1072 2719 1231 2782 reddendo

83 2813 166 2877 mibi
179 2818 215 2877 11
225 2813 395 2877 heredibus
405 2814 486 2876 meis
500 2833 558 2895 pro
572 2831 658 2875 omn.
674 2812 766 2874 rebus
781 2832 852 2894 quae
868 2813 907 2875 de
921 2814 1029 2896 aliqua
1045 2822 1129 2877 terra
1145 2819 1231 2899 exigi

82 2912 219 2991 poam
231 2910 401 2973 annuatim
415 2929 472 2991 pro
487 2909 632 2971 faciendo
648 2908 780 2971 servicio
803 2907 903 2988 Regis
926 2912 1150 2973 tantummodo
1166 2918 1230 2974 tres

81 3022 218 3083 marcas,
231 3005 300 3068 scil.
314 3026 391 3069 xxs.
406 3005 448 3068 ad
457 3004 669 3067 Pentecosten
683 3010 719 3066 11
740 3025 782 3064 xx
804 3003 846 3065 ad
858 3003 977 3065 festum
999 3003 1111 3067 Sancti
1128 3006 1230 3068 Cuth-

81 3098 167 3163 beru
179 3102 216 3163 in
231 3099 424 3183 Septembri.
470 3100 515 3161 Et
523 3118 583 3182 ego
598 3099 709 3161 ether.
719 3119 763 3161 m.
773 3098 963 3180 predictam
978 3098 1023 3160 eis
1038 3098 1228 3164 Neutunam

80 3196 361 3259 manutenebimus
379 3202 414 3259 11
435 3194 712 3258 warantizabimus
729 3198 840 3255 cont-ra
854 3213 964 3254 omnes
979 3193 1178 3276 calumpnias
1194 3204 1229 3259 et

80 3290 359 3375 calumpniatores,
380 3292 470 3355 sicud
485 3311 599 3373 puram
614 3290 830 3364 elemosinam,
845 3295 880 3350 et
902 3290 992 3352 sicud
1014 3289 1105 3352 illam
1130 3313 1227 3373 quam

81 3386 186 3469 optuli
200 3408 309 3451 coram
323 3387 436 3451 multis
457 3407 551 3470 super
572 3387 673 3448 altare
689 3386 798 3448 Beatae
812 3385 938 3462 Mariae,
953 3386 988 3447 in
1011 3385 1145 3448 liberam
1162 3388 1227 3449 ele-

79 3482 239 3545 mosinam
252 3484 343 3547 sicud
357 3483 426 3546 ulla
440 3482 611 3546 elemosina
626 3483 729 3562 magis
751 3480 853 3543 libera
868 3502 935 3543 esse
950 3486 1068 3562 potest,
1086 3503 1143 3564 per
1158 3490 1225 3545 tres

78 3577 278 3661 supradictas
291 3598 414 3641 marcas
428 3577 603 3641 reddendas
618 3577 786 3638 annuatim
801 3577 889 3637 sicud
905 3577 1030 3638 dictum
1045 3583 1104 3638 est.
1150 3579 1224 3642 Hiis

78 3672 227 3753 restibus,
235 3674 385 3737 Huberto
392 3672 529 3734 Walteri
544 3671 664 3733 decano
674 3670 783 3746 Ebor.,
794 3669 960 3733 Willelmo
970 3671 1049 3749 filio,
1062 3671 1224 3734 dudelino

77 3768 251 3833 senescallo
264 3768 375 3852 Regis,
390 3768 547 3851 Magistro
563 3767 688 3848 Rogero
703 3766 857 3829 Arrmdel.

142 3956 242 4044 (seb)
263 3958 344 4023 lirae
359 3964 409 4022 111
422 3958 528 4020 finalis
543 3958 711 4019 concordia
726 3957 836 4018 faota'
827 3976 861 4018 m
877 3958 965 4019 curia
980 3957 1104 4020 domini
1125 3958 1223 4041 Regis
1307 3988 1339 4056 ij·

76 4056 162 4138 apud
175 4055 497 4119 westmonasterium
520 4073 540 4116 a
563 4053 615 4116 die
635 4052 793 4115 Pascbae
784 4071 819 4112 1n
839 4057 903 4114 tres
925 4052 1119 4133 septimanas
1134 4074 1218 4118 anno
1246 4070 1340 4186 suropo
1329 4085 1368 4119 ms
1369 4076 1398 4121 no

76 4152 168 4233 regni
183 4150 283 4235 Regis
297 4150 430 4213 Henrici
446 4149 506 4211 filii
524 4149 622 4230 Regis
644 4147 872 4223 1111111111,ω
887 4168 994 4209 coram
1017 4148 1157 4212 lloberto
1181 4134 1321 4251 (11101,Μ
1313 4153 1363 4251 ⁰d¹¹

74 4244 149 4326 Ver,
166 4248 287 4311 comite
312 4246 425 4325 Oxou,
449 4246 593 4308 Martino
619 4245 658 4306 de
680 4242 858 4320 Pateshull,
879 4242 1050 4327 Radulpho
1076 4247 1220 4333 Hareng,
1247 4266 1301 4316 vra
1286 4269 1381 4317 11111111

624 4356 672 4401 aa
