2940 5048
418 334 465 386 nn
490 334 585 388 NOVO
611 335 848 389 Mouasruuw.

49 505 217 576 minatam
240 519 348 566 acram
362 509 456 568 tertre
470 504 545 567 cum
563 505 629 566 auis
644 505 761 587 pertin.
782 505 873 567 sicud
897 505 1012 567 melius
1035 505 1133 587 praed.
1157 509 1206 567 est

53 609 168 665 contra
189 621 276 665 omn.
300 601 444 663 homines
469 606 504 663 et
527 601 664 663 feminas
679 606 713 664 et
728 602 818 663 dotes
838 602 1030 665 feminarum
1047 622 1120 664 war.
1136 623 1205 684 acq.

54 704 89 763 et
103 699 169 762 dci.
185 700 435 781 imperpetuum
483 698 523 760 In
538 697 640 780 cujus,
656 704 717 760 etc.

121 879 242 969 (lasa)
264 881 420 945 Omnibus
434 881 529 960 hanc,
551 887 613 944 etc.
658 882 817 945 Robertuo
832 881 875 944 fil.
892 879 1049 943 Willelmi
1064 882 1106 944 de
1122 882 1206 944 Her·
1270 888 1348 956 xxiij·

56 979 182 1055 diadon,
206 979 343 1041 salutem
364 978 399 1039 in
421 978 561 1040 Domino
584 979 822 1059 sempiternam.
871 978 1034 1040 Noveritis
1056 999 1109 1040 me
1130 978 1205 1040 ded.
1228 957 1372 1071 ⁶⁶3⁰st

57 1095 146 1138 conc.
170 1080 206 1136 ot
228 1094 260 1157 p.
283 1094 311 1135 c.
334 1074 417 1136 conf.
441 1073 519 1137 Adae
541 1074 583 1136 de
605 1074 815 1152 Botelleston,
845 1076 985 1136 moranti
1008 1077 1044 1136 in
1065 1074 1143 1136 villa
1165 1075 1205 1136 de
1228 1039 1371 1165 &uilloc

56 1171 224 1253 Morpath,
238 1175 273 1232 et
287 1170 352 1232 her.
368 1171 432 1232 suis
447 1191 503 1232 scu
517 1171 635 1253 assign.
651 1170 812 1252 quoddam
829 1176 959 1252 pratum
974 1171 1059 1253 quod
1074 1176 1206 1233 vocatur
1228 1153 1381 1268 ⁸9³⁰{1Wss'

56 1266 211 1342 Het-wcll‚
226 1268 262 1327 in
276 1286 389 1348 campo
404 1267 443 1327 de
459 1266 657 1343 Herdeadon‚
668 1286 740 1327 cum
757 1265 858 1329 libero
872 1266 1016 1348 ingressu
1031 1270 1065 1328 et
1079 1286 1206 1348 egressu
1228 1222 1374 1335 lilidisllon

56 1366 97 1425 ad
113 1364 237 1425 foenum
252 1382 345 1424 auum
360 1362 400 1424 de
418 1363 516 1444 praed.
531 1367 624 1444 prato
639 1362 839 1424 cariandum.
885 1362 970 1424 Hab.
986 1367 1020 1424 et
1035 1370 1102 1424 ten.
1117 1363 1205 1425 dicto
1228 1359 1256 1401 ”⁰
1267 1351 1349 1400 Adam

56 1460 136 1523 Adra
151 1466 186 1520 et
201 1458 269 1519 her.
285 1459 350 1520 suis
365 1478 421 1520 seu
435 1459 554 1540 assign.
569 1459 671 1540 quiet.
690 1458 730 1520 ab
742 1479 827 1520 omn.
838 1479 918 1520 serv.
928 1463 962 1520 et
973 1479 1076 1520 exacc.
1089 1459 1206 1541 imper·
1228 1417 1356 1534 {impol-

56 1561 204 1638 petuum,
219 1554 330 1630 libere,
346 1555 464 1636 quiete,
487 1555 579 1630 bene,
602 1560 636 1616 et
657 1554 692 1616 in
707 1575 796 1636 pace,
812 1556 880 1616 sine
895 1555 1126 1636 impedimento
1141 1556 1206 1617 mei

57 1652 108 1715 vel
124 1652 191 1715 her.
208 1670 364 1713 meorum.
410 1651 454 1711 Et
476 1670 538 1733 ego
560 1651 719 1713 Robertus
742 1657 776 1711 et
799 1651 864 1713 her.
883 1652 947 1711 mei
963 1650 1061 1731 praed.
1077 1655 1207 1731 pratum

56 1748 154 1831 praed.
167 1748 246 1810 Adae
255 1752 290 1809 et
300 1747 367 1808 her.
377 1747 441 1808 auia
452 1767 508 1808 seu
519 1747 636 1828 assign.
652 1752 763 1808 contra
772 1766 858 1808 omn.
871 1747 1015 1808 homines
1026 1751 1060 1808 ct
1071 1746 1207 1808 feminas

56 1865 129 1908 war.
144 1865 216 1927 acq.
232 1847 267 1906 et
281 1843 345 1905 def.
362 1844 610 1925 imperpetuum.
656 1844 696 1905 In
712 1842 762 1924 cuj
768 1863 812 1905 ua.

124 2039 290 2102 Universis
306 2033 437 2115 Christi,
452 2042 515 2101 etc.
551 2036 709 2100 Robertus
723 2036 769 2098 fil.
781 2036 937 2098 Willelmi
952 2037 992 2099 de
1008 2036 1207 2113 Herdeadon,
1262 2043 1349 2112 xxiiij·

57 2135 195 2199 salutem
205 2136 240 2196 in
250 2134 397 2196 Domino.
442 2133 523 2196 Nov.
534 2155 585 2196 me
596 2135 709 2209 teneri,
719 2139 753 2195 et
769 2134 800 2194 h.
816 2154 848 2215 p.
864 2135 984 2215 scripto
1000 2133 1135 2195 firmiter
1149 2154 1206 2215 pro
1228 2113 1321 2242 (me
1333 2193 1366 2227 on

51 2253 109 2307 ‚me
117 2238 153 2293 et
161 2232 228 2292 her.
239 2251 282 2292 m.
295 2231 431 2312 imperp.
443 2229 581 2313 obligari
593 2230 671 2293 Adae
681 2230 721 2291 de
731 2230 909 2307 Botleston,
920 2231 1066 2293 manenti
1075 2231 1108 2291 in
1118 2229 1207 2291 Mor·
1230 2243 1302 2293 lande
1314 2244 1341 2293 in

57 2329 147 2411 path,
163 2328 272 2389 ether.
288 2329 368 2389 meis
383 2347 440 2389 seu
453 2328 571 2408 assign.
586 2326 620 2388 in
636 2327 745 2388 decem
756 2326 848 2388 solid.
864 2327 1007 2410 sterling.
1023 2327 1122 2388 anniti
1137 2327 1208 2389 red·
1229 2309 1337 2426 ἔξω·

56 2424 156 2501 ditus,
167 2423 365 2505 percipiendi
375 2424 544 2485 annuatim
556 2423 657 2485 deme
672 2429 706 2484 et
722 2424 788 2484 her.
799 2443 842 2484 m.
859 2424 962 2486 seude
973 2424 1065 2485 terris
1077 2422 1156 2484 meis
1167 2423 1208 2486 de
1280 2411 1287 2429 ’

57 2520 246 2583 Herdesdon
261 2520 397 2601 imperp.
408 2520 442 2580 in
458 2539 718 2601 quorumcunque
734 2539 847 2581 manus
862 2520 1062 2597 devenerint,
1072 2519 1114 2581 ad
1129 2520 1208 2581 duos

56 2617 133 2678 anni
149 2617 317 2692 terminos,
339 2615 501 2694 videlicet,
523 2617 732 2679 medietatem
754 2617 796 2678 ad
818 2615 936 2678 festum
960 2616 994 2679 S.
1016 2616 1153 2678 Martini
1173 2615 1208 2676 in

56 2713 183 2794 hyeme,
195 2717 229 2773 et
244 2710 343 2773 aliam
356 2711 564 2774 medietatem
574 2712 616 2774 ad
629 2712 850 2787 Pentecosten,
862 2733 919 2794 pro
932 2713 1072 2795 quadam
1083 2733 1209 2774 summa

57 2808 202 2890 pecuniae
216 2828 315 2889 quam
329 2808 427 2889 praed.
441 2808 545 2869 Adam
561 2807 662 2868 michi
678 2828 744 2889 prae
760 2808 908 2870 manibus
923 2809 1061 2891 pacavit.
1108 2809 1153 2869 Et
1167 2808 1208 2870 ad

57 2905 154 2966 istam
170 2903 368 2965 solucionem
383 2902 537 2985 praedicto
561 2903 639 2965 Adae
661 2910 695 2966 et
717 2905 782 2965 her.
806 2904 870 2965 suis
885 2905 1031 2966 terminia
1048 2904 1208 2986 praedictis

59 2999 200 3065 fideliter
215 2999 397 3062 faciendam
419 3000 556 3081 imperp.
579 2999 688 3081 obligo
712 3020 764 3062 me
786 3005 820 3061 et
842 3001 909 3060 her.
932 3020 1019 3060 meos
1041 3004 1075 3060 et
1097 3020 1207 3062 omnes

59 3101 158 3159 terrae
174 3116 261 3157 meaa
276 3095 316 3156 de
332 3094 529 3170 Herdesdon,
544 3096 579 3156 in
594 3114 857 3177 quorumcunque
880 3114 992 3155 manus
1008 3094 1207 3172 devenerint,

59 3191 258 3254 districcioni
283 3189 430 3272 praedicti
457 3191 535 3252 Adae
562 3196 595 3252 et
622 3191 689 3252 her.
717 3210 846 3251 suorum
880 3209 1044 3270 quousque
1080 3189 1142 3250 sibi
1166 3189 1206 3251 de

59 3289 146 3351 dicto
161 3288 291 3350 redditu
305 3307 350 3348 rs.
366 3287 463 3348 simul
485 3308 560 3349 cum
581 3287 761 3369 arreragiis,
782 3286 810 3347 ai
830 3305 901 3367 quae
915 3285 1048 3360 fuerint,
1064 3283 1205 3366 plenarie

59 3385 157 3447 fuerit
172 3385 385 3446 satisfactum.
431 3383 471 3444 In
486 3382 578 3464 cujus
592 3384 650 3459 rei,
665 3389 728 3445 eto.

125 3576 238 3641 Sciant
260 3581 443 3659 praesentes,
465 3580 527 3637 etc.
551 3576 637 3657 quod
652 3596 712 3660 ego
728 3575 832 3638 Adam
847 3575 887 3637 de
904 3573 1103 3650 Herdeadon,
1119 3593 1207 3635 conc.
1274 3595 1340 3637 m·

61 3681 93 3737 et
107 3696 139 3757 p.
156 3695 184 3736 c.
200 3674 281 3736 conf.
298 3679 332 3736 et
347 3675 478 3735 omniuo
500 3672 784 3754 quietumclamavi
806 3694 863 3755 pro
887 3693 938 3733 me
961 3679 996 3733 et
1016 3672 1082 3734 her.
1099 3692 1142 3733 m.
1157 3670 1208 3732 vel
1232 3654 1358 3718 ⁰³³⁰le

61 3773 139 3833 meis
154 3772 273 3852 assign.
289 3770 367 3832 Adae
382 3770 422 3831 de
437 3768 631 3842 Bottleston‚
655 3770 800 3830 manenti
821 3770 854 3829 in
871 3769 1035 3850 Morpath,
1051 3773 1086 3829 et
1101 3767 1167 3829 her.
1183 3787 1207 3828 a.
1231 3784 1381 3835 Hordeum

62 3886 117 3928 ceu
126 3867 245 3949 aasign.
258 3867 321 3927 auis
332 3870 438 3927 totum
448 3863 598 3946 jusquod
613 3864 725 3938 habeo,
735 3865 785 3926 vel
800 3867 936 3946 imperp.
952 3864 1069 3926 habere
1084 3875 1208 3946 potero,
1230 3851 1348 3967 ξζὲξθῦἳυ

62 3962 110 4023 vel
125 3963 241 4046 aliquis
256 3963 387 4023 nomine
403 3981 486 4036 meo,
501 3961 535 4022 in
552 3966 643 4041 prato
657 3962 742 4042 quod
765 3968 896 4022 vocatur
913 3959 1051 4020 Hetwell
1066 3961 1101 4020 in
1116 3961 1209 4021 terri-
1230 3954 1313 4032 Adoni
1324 3983 1356 4032 do

62 4063 143 4122 torio
159 4062 199 4123 de
215 4060 415 4137 Herdesdon,
430 4080 505 4120 cum
521 4064 590 4120 tota
606 4058 750 4120 clausura
762 4080 828 4132 sua,
840 4058 923 4139 quod
936 4058 1066 4139 quidem
1078 4062 1208 4139 pratum
1231 4049 1381 4100 B⁰it¹⁰⁸2⁰²

61 4156 164 4219 dictus
187 4157 292 4220 Adam
314 4158 397 4218 emit
419 4155 458 4217 de
480 4156 569 4217 dicto
601 4153 740 4215 Roberto
771 4159 862 4236 patre
895 4174 966 4214 meo
990 4174 1047 4236 pro
1070 4153 1208 4236 quadam

62 4271 184 4316 summa
200 4254 347 4336 pecuniae
362 4252 468 4314 eidem
483 4272 550 4333 prae
565 4249 713 4311 manibus
733 4255 857 4332 pacata.
889 4249 967 4310 Ten.
984 4257 1018 4312 et
1032 4250 1106 4312 hab.
1122 4250 1209 4311 dicto

63 4349 137 4414 Adae
152 4357 185 4414 ct
201 4351 269 4412 her.
285 4351 351 4412 suia
375 4369 447 4411 cum
460 4348 524 4410 suis
539 4348 653 4428 assign.
671 4348 818 4427 imperp.,
841 4346 909 4421 lib.,
932 4346 1050 4427 quiete,
1074 4349 1210 4428 integre,

62 4465 97 4508 ac
107 4447 251 4530 pacifice,
264 4467 337 4509 cum
353 4445 453 4507 libero
468 4445 604 4507 introitu
621 4451 655 4505 et
670 4445 760 4506 exitu
776 4445 817 4506 ad
829 4445 952 4505 foenum
968 4464 1061 4505 suum
1073 4445 1112 4506 de
1124 4445 1211 4508 dicto

1230 3720 1312 3770 Adam
1322 3719 1354 3769 de
1438 3742 1444 3748 ·
