2940 5048
687 315 961 370 calaronam

250 488 311 550 sibi
329 487 396 549 her.
411 488 447 549 et
460 506 520 551 ass.
543 506 569 550 s.
591 486 728 570 imperp.
743 485 954 548 medietatem
969 484 1121 548 omnium
1135 482 1257 546 illorum
1269 488 1354 549 tenet
1416 506 1429 564 s

249 591 325 646 terr.
352 604 426 645 cum
454 603 541 646 omn.
566 588 601 645 et
623 583 706 664 sing.
737 582 804 644 suis
828 588 912 664 pert.
939 581 1063 644 vocatis
1089 580 1138 643 les
1161 581 1355 664 demaynesde
1394 608 1429 661 js

250 676 410 760 Echewyk
425 681 460 740 in
476 679 635 741 comitatu
649 679 747 761 prred.
762 698 861 761 quam
869 676 891 740 J
891 677 1035 741 ohannes
1045 675 1214 740 Mastilion
1224 676 1357 738 defunctu
1395 710 1399 715 ·
1422 700 1429 739 z

249 796 353 858 nuper
367 777 477 838 tenuit
500 782 537 838 et
556 774 728 857 occupavit
747 773 922 837 secundum
944 773 1021 851 vim,
1037 772 1176 835 formam
1188 781 1223 834 et
1240 770 1358 834 elim
1425 796 1429 835 ι

250 871 419 953 cujusdam
433 876 532 933 cartre
546 890 626 933 meoe
639 870 828 933 indentatre.
872 868 948 932 Dat.
964 868 1052 951 apud
1067 864 1254 951 Echewylre,
1265 866 1360 930 decimo

250 967 304 1029 die
319 966 450 1049 Aprilis,
465 986 550 1029 anno
564 967 657 1049 regni
679 966 765 1048 regis
779 965 928 1027 Edwardi
951 964 1061 1046 quarti
1084 969 1159 1046 post
1177 967 1360 1045 conquestum

250 1063 377 1145 Angliae
398 1072 488 1124 sexto
511 1061 631 1146 (roob)
653 1082 711 1144 per
732 1081 785 1123 me
806 1061 940 1143 praefato
960 1059 1128 1122 Willelmo
1143 1058 1219 1121 inde
1232 1056 1361 1121 conlecta.

250 1160 294 1220 Et
324 1161 351 1220 si
375 1159 549 1241 praedictus
574 1156 758 1220 willelmus
787 1163 823 1219 et
847 1157 955 1240 Agnes
979 1176 1060 1219 uxor
1089 1154 1173 1237 ejus,
1202 1154 1362 1217 heredeset

250 1255 523 1337 assignassent
545 1259 680 1316 teneant
701 1259 736 1316 et
753 1251 886 1336 pacifice
899 1251 1084 1334 possideant
1097 1251 1161 1314 sibi
1176 1249 1363 1313 heredibus
1390 1236 1396 1249 ⁸

250 1351 421 1433 assignatis
433 1351 499 1412 suis
510 1351 760 1431 imperpetuum,
775 1347 859 1409 illud
874 1347 1076 1431 mesuagium
1091 1348 1128 1409 in
1142 1344 1364 1429 quoWillelmur

251 1447 351 1508 Elder
376 1445 473 1507 modo
498 1444 674 1522 inhabitat,
689 1449 724 1507 et
749 1444 834 1527 quod
858 1444 997 1505 Thomas
1023 1442 1122 1506 Elder
1143 1446 1233 1526 pater
1254 1441 1315 1525 ejus
1329 1442 1366 1503 in-

250 1541 422 1604 habitabat
437 1543 472 1602 in
488 1539 648 1623 Echewylr
663 1540 830 1622 praedicta,
851 1558 889 1600 ac
904 1540 1015 1602 omnia
1035 1544 1138 1601 terras
1160 1543 1197 1600 et
1216 1542 1291 1614 ten,
1308 1556 1365 1619 pra,

251 1657 335 1719 pasc.
351 1642 386 1698 et
401 1641 481 1718 past.
497 1635 603 1698 eidem
618 1636 783 1718 mesuagio
797 1634 996 1716 pertinentia
1017 1634 1052 1695 in
1075 1634 1239 1696 tenitorio
1252 1631 1367 1716 ejusden
1427 1700 1429 1709 ,

252 1732 339 1794 villae
354 1752 429 1793 cum
450 1731 601 1794 omnibus
627 1736 662 1793 ct
686 1729 820 1812 singulis
845 1728 1097 1792 comoditatibus
1122 1733 1160 1791 et
1178 1728 1293 1811 pertin.
1313 1726 1370 1802 suis

250 1827 425 1890 secundum
440 1828 519 1903 sim,
534 1827 671 1889 formam
686 1831 719 1888 et
734 1825 887 1888 effectum
902 1826 1036 1888 alterius
1060 1829 1162 1887 cartre
1182 1843 1263 1887 mese
1282 1822 1372 1885 inden-

251 1930 330 1985 tatae
344 1923 429 1985 datae
443 1920 499 1984 xx⁰
512 1921 579 2004 iiij⁰
594 1924 647 1985 die
662 1923 782 1983 mensis
797 1921 916 2004 Aprilis
929 1941 1013 1984 anno
1027 1921 1121 2003 regni
1143 1922 1231 2004 regis
1251 1918 1374 2002 predicti

252 2017 313 2102 vij⁰
327 2040 385 2101 per
396 2039 448 2081 me
462 2019 597 2101 praefato
612 2016 777 2080 Willelmo
790 2017 952 2080 Thomson
966 2022 1000 2079 et
1010 2016 1131 2099 Agneti
1145 2016 1223 2079 inde
1237 2015 1376 2089 consede,

252 2116 372 2197 absque
386 2115 583 2197 calumpnia,
601 2112 868 2189 contradiccione,
886 2113 1042 2195 ingressu,
1062 2112 1296 2194 implicatione,
1306 2128 1378 2173 sexs-

252 2212 343 2272 tione
356 2216 415 2272 aut
429 2209 540 2291 aliquo
553 2208 620 2272 alio
634 2208 868 2290 impedimento
883 2227 1070 2290 quocunque
1081 2209 1148 2270 mei
1164 2207 1253 2291 praef.
1268 2202 1379 2269 Robuli

252 2306 398 2381 Preston,
429 2305 585 2368 heredum
610 2304 663 2366 vel
691 2305 928 2386 assignatorum
956 2322 1100 2365 meorum
1129 2309 1190 2367 aut
1219 2302 1381 2385 aliquorum

253 2401 392 2464 aliomm
410 2407 520 2464 nostro
542 2401 674 2463 nomine
695 2420 957 2483 quorumcunque
978 2400 1014 2461 in
1036 2399 1198 2476 futurum,
1220 2405 1300 2462 tunc
1320 2416 1385 2481 pra-

252 2497 359 2558 dictus
387 2517 513 2559 annuus
551 2497 697 2559 redditus
722 2502 860 2579 quatuor
888 2514 1068 2557 marcamm
1098 2500 1242 2576 ponatur
1271 2495 1307 2556 in
1333 2512 1387 2555 sus·

253 2611 387 2674 pensum
410 2598 444 2654 et
467 2612 530 2654 non
554 2591 678 2654 levetur
700 2611 759 2654 nec
779 2590 926 2654 levabilis
940 2590 983 2652 sit
998 2589 1174 2653 ullomodo
1190 2591 1228 2653 in
1245 2591 1389 2653 futurum.

254 2686 294 2747 In
310 2686 402 2767 cujus
428 2688 476 2748 rei
499 2687 725 2749 testimonium
749 2687 825 2748 huic
851 2687 1001 2769 praesenti
1026 2686 1149 2768 scripto
1169 2705 1244 2749 meo
1259 2684 1391 2768 sigillum

254 2801 362 2842 meum
393 2783 538 2862 apposui.
583 2782 706 2844 Datum
737 2784 890 2845 vicesimo
920 2781 975 2844 die
999 2780 1180 2858 Februarii,
1201 2801 1287 2844 anno
1312 2779 1391 2864 regui

253 2877 340 2958 regis
355 2876 504 2957 praedieti
519 2878 721 2940 duodecimo.

321 3066 433 3130 Sciant
457 3074 628 3150 praesentes
649 3074 683 3131 et
705 3070 807 3132 futuri
827 3070 913 3152 quod
929 3089 989 3153 ego
1015 3068 1210 3151 Wyllelmus
1232 3069 1395 3146 lliomson,

82 3170 187 3237 ,⁸¹¹,⁸·⁰
215 3190 230 3211 ·»
254 3170 412 3224 mercator
435 3164 523 3226 villae
544 3164 630 3226 Novi
658 3164 762 3227 Castri
787 3185 882 3247 super
903 3166 1019 3227 Tinam
1042 3169 1078 3227 et
1102 3166 1212 3247 Agnes
1232 3186 1313 3228 uxor
1333 3183 1397 3228 mea

81 3236 107 3268 ¹⁰
181 3300 199 3348 5
255 3259 412 3335 dedimus,
428 3260 652 3337 concessimus,
667 3265 702 3322 et
716 3260 748 3321 h.
764 3280 796 3342 p.
813 3281 840 3324 c.
856 3280 887 3322 n.
906 3260 1167 3323 confirmavimus
1181 3260 1326 3323 Johanni
1341 3262 1399 3322 An·

256 3353 370 3415 droson
397 3354 574 3436 capellano,
590 3354 758 3416 Willelmo
785 3355 847 3437 Jay
870 3357 978 3418 omnia
998 3360 1101 3419 terras
1129 3359 1165 3417 et
1184 3360 1311 3419 tenem.
1334 3376 1399 3419 mea

80 3498 96 3530 0
127 3460 192 3529 'ew-
256 3451 290 3510 in
307 3450 458 3512 Echewilr
476 3451 560 3512 infra
583 3453 776 3513 comitatum
791 3450 1031 3515 Northumbriae
1046 3473 1119 3514 cum
1147 3473 1237 3515 omn.
1264 3452 1400 3516 serviciis

256 3544 430 3606 liberorum
446 3545 629 3607 teneneium
645 3551 679 3608 et
689 3547 870 3608 nativorum
886 3568 959 3609 cum
969 3568 1078 3609 eorum
1090 3548 1291 3611 omnimodis
1301 3549 1400 3622 sectis

122 3629 147 3661 ¹⁰
183 3629 217 3661 ¹¹·
256 3640 392 3721 sequelis
406 3645 441 3702 et
455 3640 609 3721 quicquid
625 3640 779 3703 habemus
794 3662 851 3703 seu
866 3643 1037 3704 habuimus
1057 3642 1182 3705 ibidem
1200 3644 1238 3706 in
1258 3644 1354 3707 bosco
1371 3646 1402 3705 et

256 3735 290 3795 in
314 3735 410 3817 plano
433 3733 552 3817 (lOIa)
572 3740 641 3796 tam
663 3737 698 3797 in
720 3735 882 3799 dominico
904 3757 1002 3819 quam
1024 3739 1060 3800 in
1082 3738 1228 3815 servicio,
1243 3758 1311 3801 una
1332 3756 1401 3801 cum

255 3830 363 3905 moris,
379 3831 538 3906 marescis,
554 3830 718 3905 turbariis,
735 3832 879 3913 petariis,
898 3834 1025 3914 pascuis
1044 3837 1079 3895 et
1100 3834 1255 3916 pasturis,
1275 3840 1311 3897 et
1333 3852 1402 3897 cum

255 3925 405 3986 omnibus
426 3924 631 3987 libertatibus
652 3931 686 3988 et
700 3927 886 3988 asiamentis
906 3929 1081 3990 nominatis
1099 3933 1134 3991 et
1148 3948 1214 3991 non
1230 3929 1403 3992 nominatis

255 4021 296 4081 ad
312 4020 464 4101 praedicta
478 4025 579 4082 terras
594 4026 628 4083 et
642 4026 709 4084 ten.
726 4022 991 4105 qualitercunque
1005 4025 1236 4106 spectantibus,
1248 4046 1325 4088 cum
1340 4045 1404 4088 om·

256 4115 350 4176 nibus
365 4116 438 4177 aliis
459 4117 524 4178 suis
545 4117 761 4198 pertinenciis.
807 4118 892 4180 Hab.
908 4124 944 4181 et
963 4126 1031 4183 ten.
1046 4120 1144 4202 praed.
1160 4112 1251 4184 Will.
1269 4128 1304 4184 et
1318 4121 1403 4183 Will.

256 4210 424 4272 heredibus
447 4216 481 4272 et
496 4213 560 4273 suis
582 4213 754 4294 assignatis
776 4212 816 4275 de
831 4214 1024 4295 capitalibus
1046 4215 1187 4277 dominis
1210 4216 1297 4279 feodi
1319 4216 1404 4280 illius

256 4324 312 4384 per
327 4307 458 4368 servicia
472 4306 547 4369 inde
562 4306 673 4369 debita
688 4313 721 4370 et
736 4307 777 4370 de
787 4307 863 4390 jure
881 4316 1034 4373 consueta
1048 4310 1104 4372 lib.
1120 4310 1187 4393 qui.
1204 4316 1240 4373 et
1258 4313 1357 4395 pacif.
1371 4314 1403 4374 in

255 4405 457 4480 perpetuum.
503 4402 542 4464 In
565 4403 656 4484 cujus
678 4404 724 4467 rei
740 4404 964 4469 testimonium
979 4407 1011 4469 h.
1027 4427 1060 4489 p.
1076 4427 1103 4469 c.
1119 4427 1152 4468 n.
1168 4408 1280 4492 sigilla
1299 4414 1404 4472 nostra
