2940 5048
694 328 968 379 [limium

257 496 420 575 qne-§.m
434 498 586 561 nimrim.
611 518 681 578 qne
707 516 839 558 mim
852 497 885 558 le
898 495 1066 573 Βιιιιιιιιι,
1086 516 1127 558 ex
1142 502 1236 579 parte
1258 494 1402 557 orientali

256 592 297 651 ie
323 593 463 654 Sueten.
488 595 574 655 mie
597 614 699 654 unm
721 594 827 674 apul
848 593 957 654 ιιιιιιι
980 613 1075 675 snper
1104 593 1191 653 riam
1214 611 1287 673 quae
1315 589 1403 653 ducit

255 689 297 748 de
322 689 521 770 §turning-‚nn
548 711 656 751 rernm
679 689 883 753 Binum
906 704 940 750 et
961 689 1006 749 sie
1030 708 1137 751 versus
1157 687 1341 770 aquilonem
1370 692 1401 749 et

255 785 455 845 cce-:iam
488 787 571 845 ‘2²³
600 802 721 846 terram
754 786 888 847 cultam.
934 785 977 845 Et
1008 785 1172 846 sciendum
1203 783 1291 866 quod
1325 783 1402 845 bene

255 881 330 940 ,ieet
348 881 501 961 samiis-te·
517 881 684 943 Reiz-n
697 900 730 942 et
746 881 917 942 herelstoe
930 882 995 941 sui:
1016 881 1106 942 illam
1128 880 1266 962 placium
1281 886 1401 941 tensare

254 994 286 1035 et
304 977 467 1040 fceeetsre
482 978 569 1038 eain
583 996 694 1039 :amen
709 978 894 1039 teminibns
918 979 999 1038 meis
1017 978 1058 1039 de
1073 976 1210 1040 Stai'ton
1233 995 1402 1037 commune

254 1092 405 1153 green-e.
425 1094 596 1157 pzetqmrn
611 1094 738 1136 rem:
753 1075 829 1136 inde
844 1076 940 1136 fuerit
965 1086 1138 1156 asportata.
1195 1072 1343 1134 Habend.
1369 1080 1402 1134 et

254 1174 384 1232 teneni.
401 1174 575 1253 §perdicto
591 1173 640 1232 W.
657 1173 703 1234 fil.
720 1172 779 1233 Rs.
794 1190 826 1233 et
844 1173 913 1233 her.
928 1173 992 1233 suis
1006 1173 1041 1233 in
1055 1172 1148 1234 feodo
1161 1180 1196 1232 et
1215 1170 1401 1244 hereditate,

254 1267 363 1328 [iere.
378 1271 499 1349 emese.
513 1286 545 1329 et
562 1271 701 1350 integre.
715 1289 790 1329 mm
805 1289 893 1329 nmn.
908 1268 1112 1329 hhertatibns
1125 1275 1158 1329 et
1173 1265 1359 1328 ssiamentis
1369 1272 1401 1327 et

255 1363 362 1425 hiera:
373 1368 553 1425 mmmm
563 1366 647 1426 infin
657 1366 768 1426 vllam
777 1382 809 1426 et
820 1382 910 1425 extra
919 1365 960 1426 ad
969 1365 1103 1426 eandem
1111 1372 1231 1425 terram
1244 1362 1402 1445 pert-inen-

254 1460 351 1521 tibus.
368 1461 515 1521 fidendo
527 1462 719 1522 irrimeemn
728 1463 896 1521 serris-ium
910 1463 1072 1542 pertinens
1086 1460 1127 1522 ad
1136 1468 1265 1521 tantam
1274 1465 1401 1534 terram,

254 1557 338 1615 unde
355 1577 374 1615 1
388 1574 547 1619 inruente
561 1576 655 1619 terrm
670 1559 792 1618 faciunt
811 1558 940 1618 ietdum
956 1559 1049 1618 unius
1063 1557 1186 1618 militis.
1232 1555 1279 1616 Et
1299 1554 1402 1616 dietus

253 1652 438 1712 wizelmua
453 1653 538 1713 filim
555 1654 718 1735 Radnlphi
733 1672 765 1714 et
783 1655 914 1715 heredes
928 1656 977 1715 sui
998 1666 1169 1736 sequentur
1182 1651 1400 1713 molendinum

254 1768 360 1808 meum
385 1749 426 1809 de
441 1748 566 1811 Sta‘t·:·n
590 1751 631 1810 ad
658 1750 971 1811 teminm-doeimum
996 1771 1050 1810 rus
1073 1749 1232 1811 multurae.
1275 1747 1320 1809 Et
1343 1767 1401 1830 ego

254 1843 397 1925 Rogemus
412 1861 444 1906 et
462 1847 530 1907 her.
540 1848 604 1906 mei
621 1868 693 1906 nur.
704 1847 793 1907 dicto
808 1847 859 1906 W.
869 1863 902 1907 et
918 1847 986 1907 her.
1001 1862 1121 1908 terram
1136 1844 1400 1927 praenominatam

253 1955 364 2002 eontra
379 1963 489 2004 omnes
504 1945 537 2003 in
553 1960 756 2024 perpetuum.

78 2141 189 2187 ,ιιειζνι
319 2133 463 2216 Rngerns
477 2135 518 2197 de
536 2135 672 2216 Many,
687 2134 834 2196 salutem.
865 2134 998 2196 Noverit
1023 2135 1213 2195 universitas
1228 2139 1333 2194 vestra
1349 2152 1400 2193 me

76 2208 226 2319 fus?
252 2229 323 2289 ded.
340 2252 428 2291 eone.
444 2244 476 2291 et
501 2232 561 2292 hae
576 2252 607 2312 p
624 2253 649 2292 c.
666 2252 710 2291 m.
726 2230 810 2292 conf.
827 2230 993 2291 Willelmo
1015 2229 1084 2291 filio
1107 2229 1273 2310 Radulphi
1296 2233 1399 2290 totam

76 2346 102 2382 ιο
115 2337 156 2384 tha.
252 2333 370 2384 terram
392 2347 466 2386 eum
489 2328 695 2408 pertinenciis
718 2347 816 2408 quam
839 2327 994 2388 Ricardus
1015 2327 1056 2388 de
1080 2326 1199 2388 Sancto
1223 2324 1319 2386 Petro
1341 2323 1401 2386 ali-

76 2417 150 2450 ’Μ-
251 2420 379 2498 quando
390 2420 430 2481 de
440 2441 492 2481 me
503 2425 608 2483 tenuit
627 2425 660 2483 in
671 2422 894 2503 Stsnigton.et
906 2442 1003 2503 quam
1012 2434 1131 2483 terram
1143 2421 1232 2482 idem
1243 2419 1399 2482 Ricardus
1434 2498 1438 2505 Ι

250 2515 333 2573 mihi
348 2515 487 2576 reddidit
504 2531 535 2576 et
554 2538 610 2597 per
632 2532 755 2578 eurtum
782 2539 872 2579 stram
897 2520 1041 2599 quietam
1059 2517 1224 2593 clamavit,
1238 2516 1372 2590 seilicet,
1382 2515 1397 2597 J'

249 2610 369 2670 toltum
386 2622 417 2671 et
435 2632 455 2671 x
469 2624 501 2671 et
518 2614 573 2694 viij
590 2634 678 2674 aeras
693 2624 786 2676 terre
800 2629 833 2674 et
849 2615 1019 2675 dimidiam
1033 2624 1065 2674 et
1081 2615 1105 2696 ij
1123 2633 1211 2674 acras
1226 2614 1312 2695 prati
1324 2632 1399 2673 oum

249 2706 465 2784 pertinenciis,
482 2727 537 2787 per
564 2709 620 2768 has
645 2709 827 2789 porticulus,
843 2710 1005 2784 ridelicet,
1021 2730 1127 2770 versus
1149 2708 1335 2791 aquilonem
1359 2709 1398 2770 de

248 2800 445 2863 hleterleche
455 2802 470 2883 J'
488 2823 594 2863 acram
610 2817 641 2864 et
659 2816 724 2865 tres
739 2806 841 2867 moue
851 2827 890 2867 ex
905 2806 1054 2867 orientali
1070 2812 1161 2887 parte
1179 2806 1293 2867 fossati
1304 2802 1399 2888 (292)
1450 2802 1455 2810 ¹

247 2917 345 2957 unam
360 2918 467 2959 acram
482 2910 515 2959 et
532 2899 546 2980 j
565 2900 685 2973 rodam,
700 2901 786 2981 apud
810 2900 1040 2963 Blaklnuwelle
1062 2899 1272 2963 extendentes
1293 2921 1398 2962 versus

246 2993 402 3053 orientem
418 2995 452 3054 in
467 2995 591 3055 duobus
605 2995 684 3057 locis
700 2996 722 3076 ij
740 3017 840 3069 acras,
851 2998 937 3078 apud
951 2997 1127 3059 Brerichiol
1135 2997 1150 3078 J'
1161 3017 1269 3058 aeram
1279 3003 1315 3059 et
1324 2996 1339 3079 j
1350 3016 1399 3058 ro-

246 3088 332 3164 dam,
347 3089 432 3170 apud
456 3089 653 3152 Seouelhrad
676 3093 845 3154 dimidium
868 3114 987 3167 acram,
1008 3094 1094 3174 apud
1111 3092 1238 3154 Fennes
1248 3092 1262 3175 j
1279 3113 1398 3169 aeram,

246 3183 331 3265 apud
354 3184 385 3246 le
407 3184 509 3261 Croft‚
520 3186 535 3267 j
552 3206 661 3247 acram
676 3194 710 3247 et
728 3188 743 3269 J'
768 3189 889 3264 rodam,
904 3190 990 3270 apud
1008 3188 1039 3251 le
1061 3188 1141 3251 Cnol
1164 3195 1199 3249 et
1222 3185 1398 3250 Hallebalk

241 3279 256 3361 J'
274 3281 395 3357 rodam,
412 3281 498 3363 apud
512 3282 543 3343 le
559 3282 675 3344 Houch
688 3283 702 3363 j
721 3304 830 3345 acram
845 3292 879 3345 et
903 3285 938 3366 iij
957 3286 1059 3359 rodas,
1075 3284 1159 3366 apud
1174 3284 1397 3346 molendinum

246 3378 450 3439 ventritioum
469 3378 484 3459 j
509 3398 627 3452 aeram,
650 3379 735 3458 apud
760 3379 912 3442 Dammes
929 3381 943 3462 j
962 3401 1079 3455 acram,
1103 3380 1190 3462 apud
1206 3380 1352 3443 Elteoros
1371 3380 1394 3461 ij

244 3494 333 3534 aoros
343 3483 377 3535 et
388 3474 566 3548 dimidiam,
575 3473 661 3553 apud
672 3474 780 3536 Flores
789 3476 803 3556 j
815 3497 922 3537 acram
933 3486 965 3538 et
976 3476 1247 3558 dimidiam‚apud
1258 3475 1397 3559 Horspol

240 3568 378 3649 J'aoram
402 3576 435 3630 et
459 3568 640 3641 dimidiam,
664 3576 698 3629 et
725 3570 746 3650 ij
764 3591 852 3632 acras
875 3574 971 3653 prati,
987 3573 1072 3655 quod
1094 3580 1225 3635 vooatur
1242 3572 1397 3636 Litelme·

245 3664 317 3727 dou.
363 3664 447 3725 Hah.
464 3671 498 3725 et
514 3671 579 3724 ten.
592 3664 678 3725 dicto
692 3665 742 3727 W.
759 3674 791 3727 et
808 3667 874 3728 her.
891 3670 1002 3730 suiset
1019 3671 1134 3751 assign.
1146 3669 1185 3730 de
1197 3690 1250 3731 me
1273 3675 1307 3732 et
1328 3671 1394 3734 her.

245 3780 287 3823 m.
314 3762 347 3822 in
369 3765 563 3842 perpetuum
576 3760 610 3820 in
622 3760 714 3822 feodo
723 3769 758 3823 et
767 3763 887 3838 hered.‚
900 3764 956 3826 lib.
969 3785 1024 3846 qu.
1037 3771 1070 3826 et
1084 3768 1211 3848 integre
1226 3785 1395 3828 cumomn.

243 3860 355 3920 asiam.
371 3865 405 3919 et
420 3857 477 3919 lib.
494 3857 536 3919 ad
551 3856 688 3919 eandem
703 3858 814 3920 tillem
827 3861 867 3921 de
877 3860 1016 3923 Stanton
1029 3861 1036 3898 ¹
1055 3863 1309 3943 pertinentibus3
1325 3864 1395 3927 red·

244 3954 349 4016 dendo
364 3954 439 4016 inde
451 3953 621 4015 annuatim
630 3954 711 4015 mihi
727 3963 760 4017 et
770 3956 938 4018 heredibus
951 3959 1029 4018 meis
1044 3958 1091 4019 xl·
1106 3959 1251 4020 denarios
1266 3961 1393 4042 argenti

243 4049 284 4110 ad
300 4050 321 4131 ij
340 4051 502 4128 terminos,
519 4050 652 4125 seilicet,
667 4049 760 4113 Pent„
776 4073 818 4112 xx
830 4052 861 4113 d.
877 4061 912 4114 et
928 4052 960 4115 S.
978 4053 1082 4115 Marci
1105 4076 1146 4116 xx
1168 4055 1201 4117 d.
1224 4075 1282 4137 pro
1305 4057 1393 4118 omni

243 4147 376 4207 servitio
405 4166 490 4208 cons.
520 4153 555 4208 et
580 4147 677 4220 dem,
707 4147 853 4210 faciendo
875 4155 984 4210 tamen
1008 4150 1200 4212 forinsecum
1222 4152 1391 4213 servicium

243 4240 404 4319 pertinens
419 4241 460 4303 ad
476 4247 601 4304 tautam
616 4247 735 4304 terram
751 4245 784 4305 in
796 4244 908 4306 eadem
919 4244 1006 4320 villu,
1022 4254 1054 4306 et
1072 4248 1223 4309 sectando
1235 4248 1392 4311 molendi·

296 4376 303 4406 ¹
325 4374 398 4429 llere
417 4375 469 4429 und
490 4375 642 4446 frequently
655 4375 743 4431 below
754 4377 827 4431 what
843 4377 866 4430 is
878 4377 985 4449 printed
999 4379 1129 4434 ‘Stanton
1141 4382 1147 4405 ’
1159 4381 1183 4435 ιι
1196 4381 1292 4436 ‘Stati'
1304 4381 1333 4435 ιιι
1345 4382 1391 4435 the

242 4446 300 4505 MS.
338 4452 365 4505 lt
376 4470 466 4507 means
479 4454 692 4524 ‘Stennington,'
704 4455 793 4510 which
807 4473 864 4511 was
876 4457 990 4529 perhaps
1002 4461 1155 4530 commonly
1167 4478 1197 4515 so
1209 4462 1389 4532 pronounoed.
