2940 5048
462 311 509 364 ns
534 312 629 366 soro
655 313 889 366 uosssramo.
1343 298 1415 369 135

74 478 234 541 tineneiis
250 481 329 555 suis,
344 480 417 542 sine
430 480 538 563 aliquo
551 487 781 544 retenemento.
827 483 911 545 Hab.
937 487 972 545 et
986 487 1052 547 ten.
1072 484 1148 547 diet.
1166 486 1238 548 abb.
1264 502 1327 551 tran,
1340 495 1374 558 sy

77 581 110 637 et
133 595 229 637 mon.
254 576 290 637 in
313 582 509 659 perpetuum
533 577 644 655 libere,
670 580 791 659 quiete,
807 579 888 641 bene
912 586 946 640 et
970 581 1004 641 in
1028 601 1105 661 paee
1120 581 1239 662 absque
1263 561 1339 675 Ἧι·
1352 577 1397 610 ⁸⁰¹²

78 671 273 754 calumpnia
282 678 319 735 et·
327 672 523 735 elamacione
532 675 596 734 mei
607 674 658 735 vel
667 675 821 735 heredum
831 695 976 737 meorum
986 676 1019 736 in
1030 683 1238 757 perpetuum3
1261 643 1293 741 lle
1310 643 1414 751 affin,

79 768 248 831 reddendo
274 770 352 831 inde
375 771 544 831 annuatim
564 769 707 832 Johanni
732 772 771 833 de
795 771 934 833 Kestern
958 774 1058 833 tercio
1085 781 1118 834 et
1148 773 1240 833 here-
1262 758 1374 834 RNW·

82 864 180 927 dibus
201 867 269 927 suis
283 886 385 927 unam
409 865 526 927 libram
553 867 673 948 piperis
692 887 749 949 pro
771 868 860 928 omni
883 869 1015 929 servicio
1034 889 1117 929 eous.
1134 889 1239 931 exaco.
1264 832 1366 953 llll?

83 968 118 1023 et
133 960 221 1023 dem.
268 962 314 1024 Et
343 982 403 1045 ego
418 962 524 1024 dictus
548 961 578 1024 J.
595 961 636 1024 de
663 962 790 1024 Rodum
814 967 849 1024 et
872 964 939 1024 her.
956 984 999 1024 m.
1015 970 1119 1026 totam
1143 965 1241 1047 praed.

84 1066 208 1121 terram
230 1078 306 1119 cum
335 1057 419 1119 totto
448 1064 483 1119 et
512 1058 613 1120 crofto
645 1064 678 1119 et
707 1079 783 1120 curn
813 1079 900 1121 omn.
929 1064 1010 1141 pert.
1042 1060 1140 1122 dietis
1167 1060 1241 1122 abb.

85 1160 121 1217 et
147 1174 239 1216 conv.
264 1160 377 1216 contra
399 1174 510 1216 omnes
532 1175 605 1216 war.
632 1161 667 1217 et
698 1155 762 1218 def.
812 1155 874 1217 Pro
907 1157 968 1217 hac
992 1162 1100 1217 autem
1127 1155 1244 1218 confir·

86 1251 236 1313 macione
262 1250 418 1313 dederunt
442 1251 525 1312 mihi
541 1251 690 1332 praedicti
714 1252 811 1314 abbas
831 1257 865 1313 et
886 1257 1059 1313 conventus
1087 1252 1242 1313 lmarcas

86 1346 247 1409 bonorum
270 1351 305 1408 et
327 1346 481 1428 legalium
507 1346 735 1429 sterlingorum
751 1350 784 1410 in
801 1368 876 1409 mea
889 1350 1030 1410 maxima
1043 1349 1241 1410 necessitate·

88 1442 134 1505 Et
156 1441 199 1504 ad
219 1442 374 1523 majorem
399 1444 604 1504 securitatem
627 1444 752 1507 reddidi
777 1445 873 1506 dictis
896 1445 1005 1506 abbati
1024 1451 1057 1506 et
1079 1445 1242 1506 monachis

88 1540 201 1601 omnia
215 1540 432 1600 instrumenta
448 1558 519 1620 quae
546 1558 606 1621 ego
630 1546 665 1601 et
688 1545 900 1603 antecessores
924 1541 988 1602 mei
1013 1540 1179 1602 habuimus
1202 1541 1242 1602 de

89 1633 268 1696 feofaeione
292 1633 372 1695 dicti
395 1635 584 1709 tesamenti,
600 1636 660 1712 ita,
675 1634 809 1711 scilicet,
825 1637 910 1718 quod
934 1638 961 1698 si
986 1636 1094 1718 aliqua
1118 1637 1181 1698 alia
1192 1637 1242 1697 in·

89 1734 271 1791 strumenta
294 1730 334 1792 de
357 1729 445 1791 dicto
471 1736 656 1793 tenemento
682 1732 717 1793 in
742 1737 907 1813 posterum
933 1732 1137 1793 inveniantur
1161 1752 1242 1792 vana

90 1826 159 1889 sint
173 1834 209 1888 et
223 1827 332 1888 inania
346 1834 380 1889 et
396 1846 453 1909 pro
468 1827 588 1889 nichilo
603 1828 791 1890 habeantur.
836 1829 995 1890 Testibus.

159 2016 257 2101 (aaa)
279 2018 445 2096 Omnibus,
460 2025 523 2082 etc.
547 2019 710 2082 Johannes
730 2020 770 2083 de
787 2020 923 2083 Kestem
949 2021 1079 2097 tercius,
1095 2021 1241 2082 salutem.

92 2114 213 2178 Sciatis
228 2135 281 2177 me
296 2136 354 2198 pro
363 2136 415 2176 me
424 2121 458 2179 et
467 2116 533 2179 her.
549 2136 593 2177 m.
609 2117 644 2177 in
654 2123 845 2198 perpetuum
855 2137 942 2177 cone.
962 2123 1036 2196 etp.
1053 2137 1080 2177 e.
1096 2137 1137 2178 rn.
1160 2116 1241 2179 eouf.
1323 2134 1351 2183 ix

92 2210 162 2273 Deo
177 2216 213 2272 et
227 2210 266 2273 B.
283 2210 331 2273 M.
346 2211 429 2273 abb.
445 2218 479 2273 et
494 2212 583 2273 Mon.
600 2212 684 2274 Novi
700 2212 789 2273 Mon.
806 2218 958 2274 eteorum
971 2212 1241 2322 sticcessoribusin
1267 2198 1417 2316 ggssflffi,

91 2311 287 2389 perpetuum
301 2312 408 2370 totam
423 2306 514 2368 illam
526 2314 645 2369 terram
663 2329 737 2370 cum
748 2309 832 2370 tofto
848 2314 882 2369 st
897 2308 1011 2385 orosto,
1020 2314 1054 2369 et
1072 2328 1155 2370 omn.
1171 2309 1243 2370 ahis
1266 2332 1344 2381 above
1357 2332 1390 2396 by

91 2402 330 2484 pertinentibus
353 2424 449 2486 quam
464 2403 627 2466 Johannes
642 2404 727 2466 filius
743 2406 876 2466 Henriei
892 2405 932 2465 de
949 2404 1076 2466 Rodum
1098 2406 1243 2467 vendidit
1267 2397 1334 2446 J⁰h¹¹
1346 2398 1377 2447 ‘¹⁰

91 2498 255 2581 praedictis
270 2500 434 2561 monachis
450 2500 483 2560 in
499 2499 577 2561 villa
592 2507 627 2562 et
641 2501 802 2562 territorio
818 2502 857 2563 de
870 2500 1019 2576 Kestern,
1035 2505 1069 2561 et
1084 2510 1172 2562 carta
1187 2522 1243 2562 sua
1268 2463 1377 2581 gssffl

91 2592 306 2657 confirmarit,
353 2594 488 2677 Insuper
503 2596 609 2657 remisi
633 2601 667 2658 et
690 2598 835 2678 quietam
858 2595 995 2657 clamavi
1010 2596 1049 2657 de
1065 2617 1117 2658 me
1131 2598 1242 2659 ether.

91 2710 136 2751 rn.
151 2690 188 2751 in
202 2696 397 2772 perpetuum
412 2692 511 2772 prad.
526 2691 599 2753 abb.
617 2697 648 2753 et
665 2713 751 2754 mon.
768 2699 802 2754 et
817 2713 879 2754 eor.
897 2693 1136 2771 suecessoribus,
1152 2694 1242 2755 illam

91 2782 210 2847 libram
219 2786 339 2867 piperis
354 2806 452 2867 quam
464 2794 677 2849 antecessores
689 2790 753 2848 mei
765 2794 799 2849 et
811 2808 870 2869 ego
883 2788 1060 2850 solebamus
1076 2790 1243 2850 annuatim
1268 2825 1405 2880 Quitolaim

91 2882 234 2963 recipere
256 2881 298 2943 de
322 2882 476 2964 praediota
498 2888 602 2955 terra3
624 2884 697 2945 volo
714 2884 815 2965 igitur
837 2889 871 2945 et
892 2886 1030 2946 concedo
1045 2891 1079 2945 et
1095 2886 1243 2967 praesenti
1268 2893 1316 2941 of]
1331 2893 1366 2941 lb.
1381 2895 1407 2942 ot

92 2984 183 3039 carta
204 2976 361 3039 confirmo
385 2998 442 3059 pro
467 2999 519 3039 me
542 2986 577 3040 et
601 2979 771 3041 heredibus
794 2981 874 3041 meis
891 2981 1134 3062 inperpetuum
1157 2981 1243 3062 quod
1267 2974 1369 3023 pappos.

92 3072 242 3155 praedicti
265 3072 366 3135 abbas
394 3081 428 3135 et
455 3076 600 3137 monaehi
628 3080 663 3137 et
689 3096 799 3136 eorum
824 3096 1023 3149 successores,
1055 3076 1243 3156 praedictam

92 3176 224 3248 terram,
248 3190 324 3232 cum
346 3170 431 3231 tofto
456 3176 491 3232 et
514 3172 617 3233 crofto
639 3176 673 3233 et
696 3192 769 3233 cum
793 3192 877 3232 omn.
895 3171 1009 3251 pertin.
1026 3172 1100 3245 suis,
1122 3176 1242 3232 etcum

92 3264 189 3347 praed.
216 3286 325 3327 annuo
351 3266 480 3328 redditu
503 3267 598 3328 unius
619 3267 710 3329 librae
725 3269 843 3349 piperis
857 3267 997 3327 habeant
1012 3270 1046 3326 et
1066 3272 1199 3327 teneant
1211 3268 1243 3327 in

92 3368 286 3443 perpetuum
306 3362 363 3424 lib.
385 3364 451 3444 qui.
473 3382 551 3444 pure
565 3362 606 3424 ab
632 3364 779 3424 omnibus
798 3383 870 3444 quas
890 3383 909 3422 a
926 3361 1022 3442 praed.
1048 3367 1135 3422 terra
1158 3363 1243 3443 exigi

93 3464 247 3539 poterunt
261 3477 281 3518 a
297 3478 498 3540 quocunque.
547 3458 586 3519 In
601 3458 692 3540 cujus
707 3460 754 3519 rei
770 3458 1002 3533 testimonium,
1017 3463 1078 3518 ete.

159 3646 284 3723 Sciant,
295 3654 358 3711 etc.
374 3649 459 3731 quod
476 3668 537 3731 ego
554 3647 717 3711 Johannes
727 3648 812 3710 filius
824 3649 955 3710 Patricii
967 3649 1006 3711 de
1017 3650 1154 3710 Kestern
1170 3648 1241 3711 ded.
1326 3670 1355 3709 x·

93 3764 181 3806 conc.
191 3752 225 3807 et
234 3744 268 3806 h.
277 3763 310 3825 p.
321 3764 348 3805 c.
360 3764 404 3806 m.
420 3744 503 3805 conf.
516 3744 640 3825 Rogero
656 3745 696 3805 de
713 3745 847 3827 Hersely
862 3766 920 3826 pro
936 3746 1083 3826 homagio
1099 3750 1133 3805 et
1144 3744 1241 3805 servi·
1265 3726 1385 3841 &¹3⁰¹

93 3840 143 3901 cio
157 3860 215 3901 suo
229 3839 313 3901 illud
328 3840 449 3901 toftum
475 3840 508 3902 in
525 3840 604 3902 villa
619 3842 659 3903 de
675 3841 823 3915 Kestern,
847 3840 932 3921 quod
956 3839 1137 3902 Willelmus
1155 3838 1240 3900 filius
1265 3857 1389 3917 caiuma,

93 3934 224 3998 Borieii¹
249 3935 425 4017 aliquando
440 3938 557 4014 tenuit,
572 3941 608 3997 et
628 3942 766 4017 quatuor
786 3957 874 3997 acuis
898 3943 991 3997 terrm
1015 3935 1142 3997 arabilis
1167 3955 1240 3996 cum
1264 3923 1377 4039 ζ’ἔῃῦἕὲῃ

93 4032 299 4112 pertinenciis
310 4032 345 4092 in
356 4032 546 4094 occidentali
558 4040 650 4113 parte
662 4032 797 4093 culturas
809 4052 887 4093 mere
897 4032 936 4092 de
946 4032 1096 4113 Dederig‚
1106 4031 1240 4107 scilieet,
1264 4054 1373 4113 pmqk,
1390 4063 1417 4106 ω

93 4128 171 4191 duas
187 4148 277 4189 aeras
300 4146 373 4210 quae
390 4126 502 4209 jacent
525 4130 767 4210 propinquiores
782 4128 822 4189 de
837 4128 868 4188 la
884 4128 1092 4204 Moraletohe‚
1108 4132 1142 4189 et
1162 4128 1240 4189 duas
1264 4120 1388 4183 Βοιωτοί

92 4243 180 4287 acras
195 4244 267 4305 quae
276 4222 391 4305 jacent
411 4224 652 4306 propinquiores
675 4230 767 4285 tcrrae
788 4224 921 4284 Henriei
945 4224 986 4284 de
1008 4223 1146 4297 Rodum,
1169 4243 1240 4305 quae
1265 4187 1394 4253 Horulay.

93 4340 126 4383 se
140 4318 322 4381 extendunt
345 4340 452 4381 versus
474 4319 657 4401 aquilonem
682 4339 780 4399 usque
804 4319 888 4378 viam
911 4319 950 4379 de
975 4319 1001 4380 F
1003 4318 1185 4402 lotwayton,
1208 4326 1241 4382 et

283 4438 292 4471 ¹
312 4436 350 4492 So
361 4436 390 4491 in
402 4436 471 4503 MS..
484 4437 513 4491 in
525 4456 598 4493 error
610 4438 651 4493 lor
663 4435 785 4491 Moricii:
804 4454 848 4491 see
861 4436 895 4491 N.
908 4437 946 4505 xi,
953 4444 1052 4507 postea.
