2940 5048
426 125 473 176 nn
498 124 592 178 novo
619 125 855 178 nonasrnsro.
1312 105 1382 178 177

124 290 294 368 Omnibus,
309 297 371 356 etc.
406 292 496 356 Will.
512 292 558 355 fil.
574 294 669 356 Alani
684 294 724 356 de
739 293 814 372 Yd.,
830 292 977 356 salutem.
1022 292 1104 355 Nov.
1120 293 1206 354 univ.
1273 301 1350 367 xxxj·

54 394 166 451 vest-ra
186 409 240 451 me
261 408 351 451 conc.
367 392 402 451 et
416 409 449 471 p.
461 410 489 452 c.
501 409 546 452 m.
561 390 646 452 conf.
661 389 731 452 Deo
755 395 790 452 et
804 389 843 451 Β.
860 389 907 452 M.
924 392 958 451 ct
973 387 1057 450 Abb.
1072 393 1107 450 et
1121 407 1208 449 mon.
1233 367 1370 483 gffi‘m'

42 482 119 547 110.
149 484 216 549 Μο.
233 482 329 569 (941)
344 505 402 567 pro
419 484 475 548 sal.
498 505 550 547 an.
571 506 616 548 m.
636 492 670 549 et
688 506 775 548 omn.
792 489 896 548 antec.
912 490 946 547 11
961 486 1026 546 her.
1042 504 1086 546 m.
1102 484 1137 544 in
1152 484 1208 548 lib.
1233 498 1303 576 will.
1314 450 1348 549 11

53 600 129 663 pur.
144 587 180 642 et
194 600 285 663 perp.
301 581 342 642 11.
359 586 464 642 totam
478 586 598 643 terram
613 600 709 663 quam
722 581 843 642 habent
857 582 891 641 in
908 581 1012 642 territ.
1027 579 1068 641 de
1083 578 1146 641 Yd.
1170 600 1210 641 ex
1234 565 1369 630 Edmgton.

54 674 142 739 dono
162 674 297 739 Roberti
319 675 413 741 calui
429 682 463 739 et
482 676 620 739 aliorum
645 677 812 739 hominum
838 676 938 737 libere
962 676 1148 737 tenencium
1174 676 1209 736 in

57 770 173 834 eadem
187 771 268 834 villa
281 773 498 847 manencium,
513 771 565 834 vel
580 772 698 834 habere
712 777 884 854 poterunt3
911 772 959 833 ita
974 770 1061 854 quod
1076 791 1135 833 nec
1150 791 1210 852 ego

57 886 119 929 nec
133 866 200 930 her.
214 888 259 929 m.
271 874 385 931 contra
403 868 501 950 praed.
511 868 584 930 abb.
601 874 636 930 11
646 888 738 930 conv.
754 876 918 930 certamen
930 867 981 929 vel
990 866 1208 949 calumpniam

57 961 110 1025 rel
121 963 285 1045 querelam
297 963 413 1026 habere
422 964 599 1046 poterimus
613 964 647 1025 in
663 970 866 1046 perpetuum.
897 964 1019 1025 Tenet
1030 964 1210 1026 hab.dictis

57 1057 132 1121 abb.
143 1064 181 1121 11
190 1078 279 1122 mon.
288 1079 361 1121 cum
371 1080 457 1123 omn.
467 1064 548 1142 pert.
561 1065 595 1121 et
603 1061 765 1121 asiamad
774 1058 885 1120 villam
897 1058 937 1120 de
946 1059 1211 1141 Yd.pertincnti-

57 1154 162 1217 busin
172 1159 364 1236 perpetuum
373 1154 452 1218 adeo
463 1155 521 1218 lib.
531 1155 597 1238 qui.
607 1160 642 1217 ct
651 1155 708 1218 sol.
717 1162 751 1218 11
766 1155 902 1216 honorii.
914 1154 955 1216 ab
970 1176 1055 1217 omn.
1068 1156 1211 1218 saeculari

58 1249 194 1314 servicio
209 1270 314 1313 exacc.
329 1258 362 1314 et
378 1250 461 1313 dem.
478 1252 568 1313 sicud
584 1256 681 1313 cartae
695 1251 825 1313 illorum
842 1271 920 1333 quas
932 1251 1053 1313 habent
1062 1251 1101 1313 de
1113 1251 1209 1334 praed.

59 1345 248 1409 hominibus
263 1352 451 1429 proportant
466 1352 500 1410 11
514 1352 685 1410 testantur.
731 1348 776 1409 Et
791 1366 851 1429 ego
867 1347 918 1407 W.
934 1353 968 1409 11
976 1348 1043 1410 her.
1053 1368 1096 1408 m.
1109 1349 1211 1409 dietas

59 1446 160 1505 tems
184 1462 261 1505 cum
287 1463 375 1506 omn.
399 1444 518 1525 pertin.
534 1448 568 1505 11
583 1444 694 1505 asiam.
709 1444 776 1505 suis
791 1464 865 1505 war.
880 1448 916 1505 et
930 1443 994 1505 def.
1010 1444 1108 1526 praed.
1124 1464 1208 1507 mon.

59 1543 173 1601 contra
187 1558 274 1603 omn.
289 1539 376 1601 hom.
392 1540 426 1601 in
442 1545 645 1623 perpetuum.
690 1539 730 1601 In
746 1538 836 1622 cujus
852 1540 908 1602 rei.
953 1539 1113 1601 Testibus.

126 1728 300 1807 Omnibus,
315 1735 379 1794 etc.
413 1731 558 1813 Rogerus
573 1732 722 1794 Bertram
738 1731 779 1793 de
796 1730 942 1809 Mitford,
958 1730 1106 1793 salutem.
1129 1731 1162 1793 N
1162 1752 1211 1795 ov.
1270 1735 1354 1815 anijj

60 1826 150 1888 univ.
165 1832 272 1889 vestra
286 1847 339 1888 me
353 1827 425 1889 ded.
441 1847 528 1889 conc.
543 1826 698 1888 relaxasse
712 1831 747 1888 11
761 1829 909 1908 quietum
925 1827 1075 1888 clamasse
1087 1826 1168 1889 Abb.
1179 1833 1211 1889 11
1236 1803 1386 1932 sssuffltffl‘ssy

61 1940 149 1984 mon.
164 1921 226 1983 No.
239 1921 307 1984 Mo.
316 1942 374 2004 pro
389 1942 442 1985 me
456 1927 491 1984 et
505 1924 570 1984 her.
584 1923 618 1983 in
631 1929 823 2004 perpetuum
839 1922 887 2004 iiij
906 1943 930 1983 s.
941 1923 1040 1983 annui
1056 1922 1212 1998 redditus,
1238 1906 1338 1997 Rogor'

62 2038 141 2100 quos
166 2017 313 2080 solebant
338 2018 509 2079 annuatim
535 2017 656 2080 solvere
669 2024 773 2081 antec.
793 2039 837 2079 m.
854 2024 888 2080 11
902 2018 985 2079 mihi
997 2038 1054 2099 pro
1070 2022 1213 2080 multrna
1237 2000 1361 2049 Bertrsm

61 2118 157 2177 tcrrae
169 2132 236 2176 81111
250 2114 291 2176 (11
306 2113 370 2175 Yd.
415 2113 501 2176 Hah.
510 2119 620 2176 etten.
630 2114 729 2196 praed.
741 2114 812 2176 abb.
829 2119 863 2176 et
878 2134 963 2175 mon.
977 2114 1009 2175 in
1025 2113 1081 2176 lib.
1094 2135 1166 2196 pur.
1179 2120 1211 2176 et

61 2228 154 2292 perp.
169 2208 211 2271 el.
225 2210 275 2272 ita
287 2208 373 2291 quod
388 2229 448 2271 nec
462 2229 522 2291 ego
539 2230 597 2272 nec
611 2210 679 2272 her.
694 2230 738 2272 m.
754 2230 813 2272 nec
828 2210 945 2292 aliquis
965 2210 1048 2272 alius
1064 2210 1139 2293 jure
1162 2213 1212 2274 vel

61 2304 195 2367 nomine
220 2311 328 2367 nostro
348 2304 405 2386 jus
428 2309 487 2367 aut
505 2304 658 2367 clamium
679 2305 715 2367 111
737 2306 836 2388 praed.
856 2305 1001 2367 multura
1017 2306 1068 2367 vol
1083 2307 1213 2369 redditu

60 2400 192 2485 exigere
207 2401 383 2483 poterimus
397 2401 432 2462 in
448 2405 652 2484 perpetuum.
697 2400 738 2462 In
753 2401 845 2483 cujus
861 2402 915 2463 rei.
960 2402 1119 2464 Testibus.

128 2590 256 2669 Sciant,
284 2596 349 2656 etc.
379 2591 463 2674 quod
476 2611 538 2675 ego
559 2591 721 2654 Walterus
736 2592 916 2674 capellanus
933 2595 1095 2675 quondam
1120 2596 1214 2657 cleri·
1306 2623 1326 2675 a

61 2688 260 2751 01181101111111
274 2687 412 2750 Walteri
435 2686 481 2749 fil.
498 2685 650 2763 (filberti,
666 2687 753 2763 dedi,
777 2708 865 2750 conc.
892 2696 926 2751 11
950 2711 982 2772 p.
1009 2711 1037 2752 c.
1062 2713 1107 2752 m.
1128 2693 1212 2752 conf.
1265 2693 1360 2759 xxxiij·

61 2782 132 2847 Deo
146 2787 183 2847 11
196 2782 236 2845 Β.
252 2783 300 2845 M.
315 2789 351 2845 11
365 2803 452 2845 mon.
467 2782 527 2849 No.
544 2782 611 2845 Μο.
628 2803 686 2865 pro
701 2784 758 2845 sal.
770 2804 822 2845 an.
832 2805 874 2847 m.
889 2786 924 2846 in
939 2806 1010 2867 pur.
1026 2792 1059 2847 ct
1071 2807 1160 2868 perp.
1172 2786 1212 2849 el.
1238 2760 1366 2891 032²?ss

60 2878 141 2943 duas
154 2898 246 2941 acras
259 2879 345 2961 prati
361 2879 397 2941 in
411 2879 517 2941 territ.
538 2878 579 2940 dc
594 2878 722 2954 Bolum,
738 2879 806 2940 scil.
819 2881 854 2941 in
866 2879 1106 2957 Redestrot-her,
1117 2882 1216 2962 juxta
1239 2891 1335 2940 Walter
1346 2891 1388 2940 1111

60 2978 194 3057 pratum
208 2972 1214 3056 1111111111111111.11111111111111111111111111111
1238 2956 1361 3021 usn..

60 3074 177 3153 potest.
222 3069 269 3133 Et
282 3089 343 3153 ego
355 3069 516 3132 Walterus
530 3074 564 3131 ct
578 3070 732 3152 assignati
748 3091 792 3131 m.
802 3089 876 3131 war.
885 3070 983 3151 praed.
996 3090 1083 3132 mon.
1092 3091 1215 3152 praeno-

60 3166 204 3229 minutas
217 3165 297 3229 dnus
312 3186 400 3229 acras
414 3165 500 3247 prati
512 3169 623 3228 contra
636 3186 723 3228 omn.
740 3166 825 3228 hom.
841 3167 875 3227 in
891 3170 1093 3248 perpetuum.
1139 3167 1215 3229 Tea-

61 3262 161 3325 tibus.

127 3450 432 3535 81111111111111011
447 3473 507 3536 ego
522 3453 662 3517 Jacobus
677 3453 717 3515 de
732 3453 849 3516 Bolum
865 3454 940 3517 dedi
964 3475 1051 3517 conc.
1075 3460 1110 3517 et
1131 3477 1164 3538 p.
1186 3476 1213 3519 c.
1263 3468 1365 3534 xxxiiij·

61 3568 107 3612 m.
129 3548 215 3610 conf.
231 3548 302 3611 Deo
317 3555 353 3612 et
368 3549 405 3611 B.
422 3548 471 3611 M.
487 3554 521 3611 11
535 3569 621 3611 mon.
637 3548 699 3611 No.
715 3549 782 3612 Mo.
798 3550 833 3611 in
849 3550 907 3613 lib.
928 3571 1000 3633 pur.
1016 3557 1051 3613 11
1065 3572 1155 3633 perp.
1170 3551 1212 3613 el.
1237 3534 1368 3651 {³3¹2le

61 3644 141 3707 (11111
162 3663 228 3707 acr.
253 3649 349 3707 terras
371 3664 446 3706 cum
470 3646 588 3726 pertin.
603 3645 638 3705 in
655 3664 768 3726 campo
783 3646 823 3708 de
846 3646 973 3722 Bolum,
989 3653 1022 3709 et
1037 3668 1111 3709 cum
1126 3668 1211 3710 omn.
1237 3665 1335 3717 Bolum.

60 3738 120 3803 lib.
129 3745 164 3802 11
173 3740 287 3802 asiam.
298 3739 340 3801 ad
355 3744 482 3802 tantam
498 3746 618 3802 terram
633 3741 668 3801 in
680 3743 792 3803 eadem
811 3742 886 3804 villa
898 3744 1028 3823 pertin,
1039 3743 1107 3806 soil.
1118 3764 1212 3825 super

60 3834 295 3918 Threpeluudis
304 3834 320 3917 j
338 3856 402 3898 acr.
420 3841 454 3898 11
463 3836 542 3897 dim.
552 3840 585 3897 et
601 3856 696 3917 super
710 3837 875 3898 Tonhswir
890 3837 968 3899 dim.
985 3859 1047 3900 acr.
1082 3838 1161 3901 Ten.
1178 3846 1213 3902 11

60 3929 343 4013 11111.ρ11111.111011.
355 3932 435 3993 adeo
450 3931 508 3994 lib.
524 3932 591 4013 qui.
608 3931 700 3993 sicud
715 3933 825 4013 aliqua
839 3930 881 3994 el.
897 3932 1029 3994 liberius
1045 3939 1080 3995 et
1095 3934 1210 3997 melius

61 4029 172 4108 potest
184 4024 255 4087 dari
272 4027 322 4089 vel
338 4027 502 4109 possideri.
548 4026 594 4088 Et
607 4046 668 4108 ego
682 4026 822 4089 Jacobus
838 4028 953 4090 ether.
969 4050 1012 4091 m.
1029 4050 1103 4092 war.
1113 4032 1210 4112 praed.

61 4140 152 4183 mon.
168 4123 415 4203 praenominatas
434 4122 458 4205 ij
478 4142 542 4184 acr.
562 4142 637 4184 cum
656 4123 773 4204 pertin.
795 4130 906 4186 contra
924 4144 1034 4188 omnes
1046 4128 1081 4187 in
1099 4148 1214 4211 perpe-

62 4220 170 4279 tuum.
215 4216 378 4281 Testibus.

629 4333 649 4377 n·
