2940 5048
413 336 462 388 DE
487 334 582 388 Novo
608 335 846 389 nonnsnmno.

59 503 188 567 ientali
216 504 365 588 ejusdem
390 503 488 583 villae,
512 503 597 566 unde
620 525 722 567 unum
746 505 850 588 capud
875 506 986 568 buttat
1007 506 1206 587 superviam

59 620 104 663 1ae
114 600 218 663 ducit
227 600 270 663 de
283 600 428 664 Stanton
440 622 548 663 versus
559 600 782 677 Blithdene,et
792 604 837 664 sic
850 623 957 665 versus
972 602 1158 685 aquilonem
1174 607 1208 662 et

59 699 251 761 ccidentem
274 700 362 761 infra
384 704 503 761 terrem
527 699 657 762 cultam.
704 698 789 763 Heb.
807 705 841 761 et
865 706 930 762 ten.
947 701 1044 783 praed.
1068 699 1209 761 Roberto

59 795 161 857 ther.
179 795 248 857 suis
264 795 317 857 vel
331 796 399 858 suis
414 796 531 878 assign.
543 794 612 870 lib.‚
624 796 745 877 quiete,
756 797 898 878 integre,
912 797 1004 874 bene,
1019 802 1053 858 et
1068 797 1103 857 in
1119 816 1209 878 pace,

59 910 117 953 um
133 910 226 953 omn.
242 889 300 953 lib.
317 896 353 953 et
367 892 479 954 asiam.
495 891 592 973 praed.
609 892 704 953 terris
719 896 753 952 et
771 894 965 954 tenementis
988 892 1208 974 qualitercun-

59 1008 105 1069 [ue
120 984 373 1070 pertinentibus,
389 987 429 1050 de
445 987 636 1070 capitalibus
648 987 785 1049 dominis
801 987 887 1049 feodi
898 988 996 1061 illius,
1007 1009 1063 1070 per
1074 988 1211 1049 servicio

59 1081 123 1146 nde
138 1083 253 1145 debita
268 1088 304 1146 et
319 1089 469 1146 consuetu
484 1085 519 1145 in
535 1089 727 1166 perpetuum
741 1103 798 1165 pro
813 1085 902 1146 omni
921 1085 1053 1146 servicio
1069 1088 1209 1149 tontum.

59 1178 93 1241 it
103 1199 167 1261 ego
177 1180 276 1261 praed.
293 1179 413 1243 Cecilia
425 1184 458 1241 et
470 1180 535 1241 her.
547 1180 612 1241 mei
624 1184 728 1241 totam
738 1180 872 1241 terciam
883 1186 1019 1262 partem,
1031 1180 1119 1241 sicud
1129 1200 1209 1262 prae-

59 1276 176 1337 lictum
200 1284 262 1350 est,
287 1277 385 1359 praed.
410 1276 491 1338 Rob.
526 1281 558 1337 et
584 1276 653 1339 her.
678 1277 743 1337 suis
766 1281 800 1336 et
824 1278 942 1359 essign.
964 1282 1075 1338 contra
1100 1295 1210 1337 omnes

59 1392 123 1433 rar.

118 1567 240 1632 cecilia
249 1568 489 1652 filiaquondom
500 1569 632 1631 Thomae
641 1568 701 1629 filii
711 1567 881 1645 Willelmi,
891 1568 1037 1631 salutem.
1061 1568 1092 1629 N
1094 1588 1144 1630 ov.
1157 1588 1210 1629 me
1279 1579 1338 1645 viij·

59 1666 85 1726 in
100 1684 176 1726 mea
184 1664 345 1727 viduitate
355 1669 390 1727 et
399 1665 479 1747 ligio
488 1669 650 1747 potestate
670 1685 762 1743 rem.,
771 1665 829 1727 rel.
841 1670 876 1726 et
891 1666 1022 1727 omnino
1034 1686 1091 1748 pro
1107 1685 1160 1725 me
1176 1670 1210 1726 et
1234 1647 1370 1762 guffiffm

59 1765 119 1823 tier.
126 1762 213 1823 min
223 1767 419 1844 perpetuum
428 1762 575 1844 quietum
585 1761 737 1822 clamasse
747 1761 994 1843 Robertoeoquo
1006 1763 1046 1823 de
1056 1760 1210 1843 Pilgrim-
1235 1778 1387 1833 cooninre

59 1862 163 1932 strete,
168 1856 322 1939 burgensi
334 1857 420 1920 villae
429 1858 512 1920 Novi
523 1856 638 1932 Cestii,
648 1863 683 1919 et
692 1857 803 1920 Elenae
814 1859 904 1920 uxori
913 1877 976 1919 suae
988 1863 1022 1919 et
1033 1857 1210 1953 hered.suis
1236 1846 1371 1972 {gffffi'

59 1959 87 2016 et
100 1954 167 2015 suis
181 1954 353 2036 assignetis
368 1960 475 2016 totum
494 1954 550 2037 jus
574 1961 608 2016 et
636 1954 789 2017 clamium
814 1954 898 2036 quod
914 1954 1028 2029 habeo,
1043 1954 1141 2014 habui
1156 1973 1211 2014 seu
1236 1984 1318 2041 mne,

59 2049 280 2133 quoquomodo
295 2050 412 2113 habere
426 2056 539 2133 potero
550 2052 585 2112 in
601 2057 672 2113 toto
688 2050 745 2112 illo
758 2051 842 2113 tofto
854 2057 886 2111 et
903 2049 992 2131 xxiiij
1011 2050 1092 2110 acris
1107 2056 1212 2126 terroe,

59 2146 141 2229 prati
166 2152 202 2209 et
224 2146 289 2208 suis
313 2147 530 2228 pertinenciiS,
546 2147 632 2229 quod
658 2147 787 2229 quidem
804 2147 924 2208 toftum
949 2154 982 2207 et
998 2152 1115 2207 terram
1132 2166 1211 2227 proe-

59 2242 137 2305 dicti
153 2242 314 2305 Robertus
329 2249 363 2304 et
379 2243 480 2305 Elena
495 2244 676 2305 habuerunt
691 2264 729 2305 ex
745 2243 944 2305 concessione
959 2248 992 2304 et
1008 2242 1212 2303 feoffumento

59 2338 170 2401 Aliciae
185 2336 263 2400 filiae
278 2358 370 2415 meae,
385 2340 546 2421 quondam
562 2341 669 2401 uxoris
684 2339 816 2400 Thomae
831 2338 871 2400 de
881 2337 1073 2419 Cheppwell,
1085 2338 1120 2399 in
1137 2336 1213 2399 ville

59 2442 90 2497 et
103 2435 269 2497 territorio
284 2433 325 2497 de
336 2433 486 2511 Stanton,
496 2436 543 2497 its
555 2435 641 2517 quod
652 2455 711 2497 nec
721 2454 782 2517 ego
791 2455 849 2496 nec
864 2435 932 2496 her.
949 2434 1013 2495 mei
1028 2455 1087 2496 nec
1098 2433 1213 2516 uliquis

59 2530 138 2593 clius
151 2531 283 2593 nomine
296 2536 404 2592 nostro
418 2530 540 2614 sliquid
549 2531 632 2614 juris
643 2552 697 2593 seu
706 2531 815 2592 clamii
826 2531 860 2591 in
869 2531 1031 2612 praedictis
1046 2531 1212 2592 vendicare

59 2626 235 2709 poterimus
249 2626 284 2687 in
299 2631 503 2709 perpetuum.

124 2815 1212 2901 (30b)Aliciuuxorquondom'l'hornaedeCheppwelldeditRoberto
1238 2834 1358 2884 Granios

59 2935 135 2977 ccco
162 2914 204 2977 de
234 2914 483 2998 Pilgrimstrete,
507 2915 657 2998 burgensi
682 2915 768 2977 villos
794 2914 878 2976 Novi
910 2914 1012 2978 Castri
1038 2924 1072 2977 et
1102 2914 1213 2977 Elenae
1236 2900 1334 3015 isandus
1361 2993 1372 3002 -

59 3011 151 3073 uxori
174 3031 240 3073 sue
262 3016 372 3073 osum
397 3011 479 3074 nius
502 3011 623 3074 osum
647 3013 682 3074 in
698 3011 775 3074 vna
791 3013 830 3073 se
856 3010 1005 3086 stanton,
1026 3011 1111 3093 quos
1121 3011 1211 3093 jacet
1237 2974 1361 3095 ,²33⁰ss

59 3109 94 3169 in
109 3107 285 3170 latitudine
299 3108 385 3170 inter
404 3114 524 3171 terram
547 3128 645 3190 quam
660 3108 818 3171 Robertus
842 3107 933 3169 Fisce
949 3109 1056 3169 tenuit
1069 3128 1108 3169 ex
1122 3114 1213 3189 parte
1239 3097 1316 3155 Alica,
1328 3095 1371 3145 wi-

59 3202 254 3267 occidenteli
268 3208 304 3266 et
319 3224 451 3267 vacuom
474 3204 613 3286 placium
637 3204 770 3267 Domini
794 3204 912 3286 Rogeri
933 3203 972 3264 de
989 3202 1159 3265 Someruill
1175 3224 1213 3263 ex
1238 3163 1344 3278 ‘iim

59 3306 152 3383 perte
176 3300 336 3377 orientali,
359 3306 394 3362 et
415 3300 503 3384 xxiiij
521 3321 609 3362 acras
634 3307 727 3364 terrae
742 3299 872 3362 arabilis
887 3318 961 3360 cum
986 3297 1086 3380 protis
1101 3303 1135 3359 et
1150 3299 1213 3359 suis
1237 3294 1372 3359 chopwen.

60 3396 279 3479 pertinenciis,
306 3416 403 3478 quem
433 3403 466 3459 et
496 3417 575 3480 quas
605 3396 719 3459 habuit
748 3417 786 3458 ex
824 3396 907 3457 dono
941 3403 975 3455 et
1008 3393 1214 3458 feoffamento

62 3491 312 3557 Ceeiiiaematris
322 3512 397 3556 suae.
443 3494 529 3556 Hab.
542 3499 650 3555 etten.
663 3494 760 3576 praed.
777 3492 857 3554 Rob.
874 3498 908 3554 et
923 3491 1033 3553 Elcnae
1048 3511 1135 3553 ux.s.
1145 3491 1212 3553 her.

62 3596 97 3653 et
109 3610 170 3652 ass.
180 3589 221 3652 de
235 3608 308 3672 cap.
317 3589 456 3653 dominis
470 3591 555 3653 feodi
571 3590 669 3668 illius,
684 3590 741 3652 lib.
758 3590 824 3672 qui.
836 3595 907 3665 etc,
923 3588 1067 3650 faciendo
1083 3588 1213 3651 servicia

62 3684 175 3748 debite
188 3692 223 3748 et
232 3685 309 3768 jure
322 3693 474 3749 consueta
488 3707 545 3769 pro
561 3686 649 3748 omni
664 3685 728 3748 alio
744 3685 874 3747 servicio
889 3692 1026 3747 tentum

129 3876 360 3940 Elenarelicta
370 3876 580 3941 Robert-iCok
589 3875 1212 3959 burgensisNoviCastri,salutem.Nov.
1281 3883 1345 3952 μ’,

64 3994 116 4036 me
132 3994 209 4038 rem.
226 3974 283 4036 rel.
300 3979 335 4036 et
348 3975 481 4037 omnino
496 3976 531 4037 in
546 3979 737 4057 perpetuum
754 3975 901 4056 quietum
918 3970 1068 4034 clamasse
1083 3972 1213 4035 Thomsc
1238 3940 1389 4070 ,qussffiffln

66 4068 131 4132 silio
145 4090 219 4132 meo
234 4075 269 4131 et
284 4068 453 4133 heredibus
468 4071 532 4133 suis
548 4092 603 4133 seu
618 4070 789 4151 assignatis
803 4074 909 4130 totum
925 4067 980 4149 jus
1003 4070 1037 4128 et
1060 4066 1213 4129 clamium
1238 4072 1281 4121 tho
1292 4074 1381 4129 above.

65 4166 148 4249 quod
163 4166 264 4228 habui
280 4186 335 4228 seu
351 4167 572 4249 quoquomodo
587 4166 703 4227 habere
718 4167 821 4246 potui,
836 4164 965 4226 nomine
980 4162 1063 4224 dotis
1080 4185 1134 4226 seu
1149 4165 1213 4227 alio
1239 4139 1370 4256 23¹2ss

65 4282 255 4345 quocunque
265 4261 351 4344 jure,
366 4262 401 4323 in
417 4262 567 4325 omnibus
582 4262 676 4324 terris
691 4267 724 4323 et
739 4261 932 4324 tenementis
958 4279 1029 4341 quae
1055 4263 1214 4342 quondam
1239 4271 1335 4321 Robore

66 4358 197 4421 fuerunt
211 4358 360 4441 praedicti
376 4359 509 4421 Roberti
531 4359 640 4420 mariti
656 4358 732 4434 mei,
748 4378 850 4440 nuper
865 4356 1019 4430 defuncti,
1035 4357 1069 4418 in
1085 4358 1162 4419 villo
1176 4358 1216 4419 de
1240 4337 1316 4387 ⁰⁰⁰¹*

67 4452 216 4531 Stenton,
239 4454 287 4516 ita
309 4454 395 4538 quod
417 4475 476 4517 nec
499 4475 559 4539 ego
575 4455 677 4516 Elenu
699 4473 758 4515 nec
781 4453 896 4535 uliquis
918 4452 1047 4514 nomine
1070 4474 1141 4516 meo
1160 4454 1231 4536 jus·
