2940 5048
434 330 482 383 nn
506 329 603 384 roro
626 330 864 384 uouasrnruo.
1355 319 1402 394 75

62 504 198 567 Ricardi
207 503 248 567 de
257 505 439 569 Umfrauill
452 506 562 570 fratris
577 508 643 570 mei
658 508 719 569 hac
734 512 823 571 carta
829 468 1038 573 confirmasse
1053 510 1164 573 omnia
1178 530 1227 574 se-
1250 519 1300 568 and
1311 519 1346 583 by

63 602 212 663 cundum
226 607 373 664 tenorem
388 607 486 666 cartae
500 603 721 686 praeoedentis.
752 603 1000 667 Memorandum
1016 611 1125 669 tamen
1141 607 1227 689 quod
1252 586 1361 636 nubea.

64 717 132 760 non
146 699 228 761 iecit
242 699 448 761 mencionem
462 699 497 760 in
512 704 603 763 carta
617 719 674 762 sua
689 700 769 781 quid
784 702 907 782 recepit
921 721 980 784 pro
995 704 1071 764 xxix
1085 703 1190 765 annis.

136 888 322 952 Willelmus
343 889 386 953 de
409 890 596 969 Umfmuill,
618 891 767 954 salutem.
823 891 939 956 Sciatis
961 913 1014 955 me
1036 893 1170 956 consilio
1193 898 1227 956 et
1252 881 1373 989 umbos

69 985 240 1047 voluntate
248 986 430 1048 amicorum
444 1007 591 1049 meorum
605 995 641 1049 et
656 988 825 1049 hominurn
835 1007 893 1069 pro
905 988 961 1050 sal.
973 1008 1024 1051 an.
1037 1009 1081 1052 m.
1094 995 1128 1052 et
1139 1009 1225 1050 omn.
1251 1003 1383 1055 witnowa

69 1083 177 1142 antec.
192 1100 238 1142 m.
253 1085 287 1143 et
301 1082 371 1143 her.
385 1080 458 1144 ded.
473 1086 508 1144 et
522 1082 583 1144 hac
598 1103 643 1145 m.
658 1104 687 1145 c.
704 1083 787 1144 conf.
803 1081 871 1145 Deo
886 1088 921 1145 et
936 1103 1022 1146 mon.
1034 1083 1068 1146 S.
1081 1084 1128 1146 M.
1141 1084 1226 1147 Novi
1251 1069 1277 1118 ³¹¹
1289 1069 1396 1120 ⁰h⁰l⁵⁰l

70 1175 163 1238 Mon.
178 1175 271 1238 illam
285 1183 407 1240 terram
422 1197 529 1240 meam
540 1178 577 1239 in
593 1176 753 1242 Cbiuittes
768 1198 873 1241 moras
887 1199 960 1260 quae
976 1185 1109 1242 vocatur
1120 1180 1226 1242 Wite·
1250 1137 1386 1250 11111811]

70 1277 248 1354 temper
261 1273 319 1335 hae
330 1273 459 1350 divisas,
468 1293 490 1336 a
502 1273 607 1337 rivulo
622 1274 849 1356 propinquiore
864 1274 895 1335 le
911 1273 1226 1357 Hangandescauhe
1250 1265 1398 1318 Umnaun.

71 1387 181 1429 versus
195 1370 449 1449 septentrionem
464 1370 556 1432 nand
571 1369 660 1431 idem
674 1370 797 1432 rivulus
812 1370 899 1432 cadit
914 1369 948 1431 in
964 1369 1180 1448 Osweiburne,
1191 1376 1227 1433 et

71 1465 120 1525 sic
134 1467 222 1525 recte
233 1483 342 1526 versus
354 1463 555 1527 occidentem
569 1485 671 1546 usque
686 1466 727 1527 ad
742 1485 871 1527 crucem
887 1487 985 1548 quam
996 1466 1144 1549 predicti
1156 1488 1226 1529 mo·

71 1558 169 1621 nachi
194 1565 372 1642 posuerunt
396 1579 455 1642 per
478 1561 583 1621 visum
606 1560 754 1622 militnm
778 1581 924 1623 meorum
948 1561 996 1623 ibi
1009 1584 1018 1637 3
1042 1566 1076 1623 et
1096 1562 1172 1623 inde
1192 1563 1227 1623 in

71 1660 290 1717 transversum
316 1676 417 1738 usque
442 1656 478 1717 in
502 1655 642 1738 Hepden
665 1655 779 1730 burne,
794 1659 828 1718 et
853 1656 929 1717 inde
953 1657 987 1717 in
1008 1660 1226 1720 transversum

71 1770 184 1812 versus
197 1751 399 1815 occidentem
413 1751 455 1814 ad
470 1752 653 1833 proximum
665 1751 831 1814 wacellum
854 1772 893 1814 ex
916 1757 1007 1834 parte
1029 1752 1164 1814 australi
1186 1753 1227 1815 de

72 1845 255 1909 Hetherdes
270 1847 371 1925 Rode,
384 1847 461 1909 inde
475 1851 564 1909 recte
583 1847 671 1910 ultra
693 1847 864 1910 Hardrode
885 1868 985 1929 usque
1009 1848 1050 1909 ad
1066 1849 1225 1929 petariam

72 1961 229 2026 magnam
247 1943 415 2025 jacentem
438 1943 472 2004 in
496 1944 643 2020 condono,
658 1949 693 2006 et
712 1964 769 2025 per
786 1943 868 2005 illud
891 1944 1065 2005 condosum
1081 1943 1166 2005 inter
1180 1943 1228 2005 les

72 2045 190 2100 rastres
200 2038 240 2099 de
249 2037 434 2120 Scrothope,
444 2045 478 2100 et
489 2038 537 2100 ibi
547 2038 707 2121 perillum
718 2039 825 2102 Gruin
836 2039 980 2120 usquein
990 2040 1096 2100 rivum
1111 2039 1150 2100 de
1163 2039 1227 2100 Ro·

72 2135 168 2216 hope,
181 2140 216 2197 et
235 2135 284 2196 ita
306 2134 342 2196 in
356 2139 573 2197 transversum
588 2135 680 2197 sicud
695 2135 817 2196 rivulus
832 2134 872 2197 de
888 2134 972 2216 Elyn
989 2135 1079 2196 cadit
1094 2135 1129 2195 in
1145 2153 1226 2216 prae—

70 2230 201 2293 dictum
217 2231 324 2292 rivum
339 2232 380 2293 de
396 2230 538 2313 Rohope,
549 2235 584 2293 et
598 2251 655 2313 per
669 2231 807 2292 eundem
822 2230 965 2292 rivulum
980 2231 1021 2292 de
1033 2230 1117 2312 Elyn
1126 2250 1227 2311 usque

71 2326 116 2387 ad
137 2327 225 2388 viam
247 2326 288 2388 de
302 2326 551 2402 Hinclesbeued,
566 2331 601 2389 et
615 2346 672 2408 per
686 2326 822 2388 eandem
837 2327 925 2387 viam
948 2346 1048 2407 usque
1069 2326 1111 2387 ad
1127 2325 1227 2408 Wyn-

69 2423 201 2504 dihege,
211 2428 247 2485 et
257 2443 315 2505 per
330 2423 531 2506 Wyndihege
545 2428 705 2504 quantum
720 2421 767 2485 ibi
776 2422 876 2484 habeo
891 2443 991 2505 usque
1007 2423 1048 2484 ad
1063 2428 1171 2485 ortum
1186 2422 1227 2485 de

71 2519 291 2596 Osweibume,
302 2525 335 2582 et
348 2539 404 2602 per
418 2520 556 2581 eundem
570 2520 677 2580 rivum
692 2520 838 2600 usquein
854 2520 942 2581 viam
956 2520 996 2581 de
1012 2519 1226 2601 Hemespeth,

71 2620 109 2677 et
130 2634 188 2697 per
208 2614 345 2677 eandem
369 2615 455 2676 viam
476 2634 579 2697 usque
593 2614 635 2677 ad
649 2614 791 2676 rivulum
814 2615 920 2696 primo
935 2616 1139 2677 nominatum
1156 2634 1227 2697 pro-

71 2712 279 2794 pinquiorem
294 2710 336 2774 ab
351 2711 644 2794 Hangandescawe.
676 2709 794 2772 Totam
808 2711 891 2772 hano
902 2711 1091 2793 praedictam
1106 2715 1225 2773 terram
1287 2756 1290 2763 .

71 2811 109 2870 et
131 2806 286 2890 quicquid
308 2807 493 2869 continetur
513 2807 599 2869 infra
613 2807 670 2868 has
686 2807 854 2888 praedictas
880 2807 1007 2883 divisas,
1023 2807 1110 2870 salva
1125 2809 1228 2870 salva-

71 2904 152 2985 gina
173 2903 312 2965 ferarum
334 2923 490 2981 mearum,
505 2903 580 2965 dedi
602 2903 766 2985 praedictis
788 2903 955 2965 monachis
977 2904 1012 2964 in
1034 2903 1091 2965 lib.
1107 2923 1176 2984 pur.
1192 2908 1227 2964 et

72 3020 162 3082 perp.
178 2999 220 3061 el.
231 2999 273 3062 ad
287 2998 469 3062 faciendum
483 2998 606 3061 ibidem
622 3019 718 3061 omne
727 2998 905 3080 proficuum
918 3020 1012 3061 suum
1025 3000 1059 3060 in
1071 2999 1227 3061 universis

73 3095 169 3157 rebus
192 3100 226 3156 et
248 3095 435 3157 asiamentis
456 3095 548 3157 sicud
570 3094 733 3157 voluerint
754 3099 789 3156 et
804 3094 851 3156 eis
873 3093 1044 3176 placuerit.
1090 3096 1167 3156 Ten.
1186 3094 1227 3156 de

19 3256 31 3275 .
72 3210 127 3252 me
142 3195 176 3253 et
191 3191 258 3252 her.
274 3211 330 3265 m.,
340 3191 451 3269 libere,
459 3191 583 3273 quiete,
594 3190 750 3272 plenarie,
761 3194 794 3252 et
806 3189 989 3266 honorifice,
1004 3190 1096 3250 sicud
1111 3208 1226 3270 puram

72 3286 282 3350 elemosinam
292 3285 386 3370 (3822)
401 3290 520 3349 sanctae
531 3285 681 3362 ecclesiae,
696 3286 842 3367 quietam
854 3285 893 3346 de
908 3286 998 3346 omni
1014 3284 1147 3345 servicio
1159 3289 1225 3345 ter-

73 3401 150 3446 reno
173 3386 209 3444 et
230 3383 397 3445 exaccione
421 3386 457 3444 et
481 3381 625 3444 saeculari
648 3380 891 3456 consuetudine,
907 3385 942 3441 et
965 3379 1158 3441 nominatim
1185 3378 1227 3442 de

73 3479 207 3541 servicio
229 3479 314 3560 regis
329 3478 416 3559 quod
431 3482 564 3540 vocatur
580 3477 732 3539 Wtware.
777 3477 822 3538 Et
837 3496 898 3558 ego
914 3475 1030 3538 ether.
1052 3494 1095 3535 m.
1116 3476 1228 3556 acqui·

72 3573 234 3636 stabimus
248 3573 333 3635 hanc
354 3577 475 3635 terram
500 3574 541 3636 de
561 3573 651 3636 omni
677 3576 804 3634 terreno
828 3571 970 3647 servicio,
994 3591 1101 3632 versus
1117 3589 1227 3651 regem

73 3675 108 3732 et
136 3688 248 3732 omnes
276 3669 421 3731 homines
450 3668 731 3732 manutenebimus
760 3671 795 3730 et
823 3687 897 3731 war.
927 3671 1038 3729 contra
1063 3685 1150 3729 omn.
1174 3686 1228 3728 ca-

75 3767 236 3848 lumpnias
247 3770 282 3827 et
297 3765 568 3848 calumpniatores
582 3767 617 3826 in
626 3768 831 3847 perpetuum.
869 3764 914 3826 Et
928 3765 1055 3846 praefati
1067 3781 1155 3825 mon.
1170 3763 1228 3825 da·

76 3861 159 3924 bunt
174 3861 258 3923 mihi
273 3860 429 3924 ethered.
445 3863 528 3923 meis
542 3860 712 3924 annuatim
727 3880 747 3920 x
762 3879 884 3921 marcas
899 3860 1039 3940 argenti,
1054 3879 1074 3919 v
1090 3858 1131 3919 ad
1145 3858 1228 3920 festa

76 3955 154 4040 (cio)
163 3955 277 4019 Sancti
287 3955 457 4021 Cuthberti
466 3959 500 4018 in
512 3955 756 4039 quadragesima
767 3962 802 4018 et
813 3975 833 4016 v
845 3955 880 4016 in
895 3953 1089 4035 Septembri.
1112 3953 1157 4014 Et
1166 3954 1228 4014 sci-

76 4053 193 4115 endum
209 4052 296 4134 quod
312 4054 451 4114 concessi
466 4053 587 4114 eisdem
602 4051 768 4113 monachis
783 4071 859 4113 cum
872 4050 989 4112 averiis
1004 4050 1070 4112 suis
1094 4053 1128 4111 et
1154 4048 1228 4111 aliis

77 4150 260 4212 necessariis
286 4148 425 4211 liberum
446 4149 495 4210 ire
516 4153 551 4210 et
565 4148 666 4210 redire
690 4167 747 4228 per
769 4150 874 4208 totam
896 4152 1015 4207 terram
1033 4165 1139 4208 meam
1159 4147 1228 4207 sine

77 4245 327 4322 disturbacione,
341 4265 398 4327 per
412 4245 482 4306 vias
504 4242 724 4319 racionabiles,
740 4263 841 4325 usque
864 4242 905 4304 ad
921 4242 1092 4324 praefatum
1110 4241 1226 4304 locum.

77 4334 149 4405 ffiis
164 4341 314 4416 testibus,
330 4340 470 4424 Hugone
484 4339 637 4403 Dunelm.
651 4338 824 4421 episcopo.¹

411 4459 419 4492 ¹
439 4457 482 4512 No
494 4475 568 4512 more
581 4455 720 4511 witnessea
732 4455 888 4511 mentioned

1251 4314 1297 4378 ap.
1311 4315 1377 4364 rur-

1251 4396 1304 4444 aoy.
