2940 5048
426 356 474 409 ΒΕ
497 357 592 411 NOVO
617 357 852 412 nonssrnnm.

44 526 165 589 dicunt
182 526 276 609 quod
291 528 329 589 in
343 526 424 589 villa
445 527 485 589 de
501 526 641 589 Kestem
662 530 738 589 sunt
753 527 766 588 l
781 528 906 591 bovatae
921 532 1026 607 terrae,
1041 529 1081 592 de
1096 529 1213 612 quibus

44 624 229 706 praedictus
244 623 347 685 abbas
362 628 453 686 tenet
466 624 502 685 in
526 625 638 686 eadem
652 624 732 685 villa
746 645 808 685 xxv
824 625 965 703 bovatas,
979 627 1093 688 dicunt
1108 628 1212 688 eciam

50 721 137 803 quod
164 725 306 803 pastura
331 719 476 801 ejusdem
500 720 586 784 villae
612 725 718 802 potest
741 721 882 783 sufficere
906 742 1019 784 ccccxx
1041 724 1153 784 ovibus
1176 728 1211 784 et

51 818 229 899 quinquies
255 837 299 877 xx
326 816 429 878 bobus
454 823 488 878 et
511 817 750 899 quinquaginta
775 819 879 879 vaccis
910 824 944 880 et
974 820 1211 900 quinquaginta

55 914 158 995 equis,
192 912 378 994 dequibus
407 912 546 994 pertinet
575 913 680 974 eidem
707 913 817 973 abbati
847 934 903 995 per
933 919 1036 976 cartas
1066 916 1210 997 predicti

56 1006 219 1070 Johannis
243 1014 279 1069 et
304 1014 540 1071 antecessorum
569 1028 700 1071 suorum
730 1008 848 1070 habere
877 1010 911 1070 in
939 1011 1050 1072 eadem
1081 1017 1211 1092 pastura

58 1104 147 1165 ccclx
164 1105 318 1166 matrices
339 1124 412 1166 oves
435 1124 492 1185 per
515 1124 635 1165 annum
659 1110 694 1166 et
718 1125 738 1165 x
765 1105 925 1167 multones
948 1127 968 1167 a
992 1107 1074 1168 festo
1097 1106 1209 1169 Sancti

58 1198 235 1261 Michaelis
249 1220 352 1281 usque
366 1200 407 1261 ad
429 1199 563 1277 Pascha,
579 1205 613 1261 et
628 1200 710 1281 lxiiij
734 1200 840 1275 boves,
855 1206 889 1262 ct
910 1202 1021 1283 xxxiiij
1040 1223 1160 1277 vaccas,
1176 1208 1210 1263 et

58 1295 103 1377 vij
120 1316 231 1377 equos.
276 1295 363 1357 Item
378 1295 418 1357 de
433 1296 558 1357 residuo
582 1298 725 1377 pertinet
747 1296 853 1358 eidem
867 1297 977 1359 abbati
994 1318 1050 1379 per
1072 1298 1220 1371 liberum

58 1394 287 1453 tenementum
302 1412 395 1454 suum
410 1391 526 1453 habere
541 1392 574 1453 in
591 1392 704 1453 eadem
724 1399 854 1473 pastina
874 1414 957 1454 xxxv
972 1395 1120 1456 matrices
1135 1415 1209 1455 oves

58 1492 94 1548 et
108 1486 188 1569 xviij
202 1487 298 1550 boves
312 1491 347 1549 et
357 1487 416 1569 viij
432 1506 540 1549 vaccas
555 1492 589 1550 et
604 1488 657 1548 xxi
667 1507 775 1569 equos.
808 1488 852 1549 Et
864 1489 1034 1570 praedictus
1046 1489 1068 1551 J
1069 1490 1209 1551 ohannes

58 1582 99 1644 de
115 1583 257 1645 Kestern
273 1590 306 1645 et
328 1584 502 1666 participes
525 1584 575 1644 sui
597 1583 764 1644 habebunt
786 1584 822 1644 in
844 1586 956 1647 eadem
980 1592 1111 1667 pastura
1126 1606 1208 1647 xxxv

60 1680 211 1741 matrices
226 1700 300 1741 oves
314 1685 350 1742 et
363 1679 439 1761 xviij
457 1679 553 1741 boves
568 1684 602 1741 et
618 1678 673 1761 viij
692 1699 803 1741 vaccas
818 1686 851 1742 et
867 1681 930 1762 xxij
949 1702 1055 1762 equos.

126 1870 290 1933 Patricius
315 1870 402 1933 lilius
417 1871 549 1953 Edgari,
565 1871 712 1933 salutem.
759 1870 876 1934 Sciatis
894 1893 946 1933 me
969 1892 1057 1934 conc.
1071 1878 1105 1934 et
1125 1873 1157 1934 h.
1180 1894 1208 1936 c.
1295 1880 1323 1946 iij

58 1988 104 2031 m.
131 1970 217 2030 conf.
240 1968 449 2030 donacionem
476 1968 553 2029 Adae
582 1967 643 2028 filu
673 1965 812 2029 crinas
842 1990 938 2050 quam
968 1968 1060 2029 seua
1089 1970 1209 2048 agneti
1234 1947 1368 2077 ggssflgpfl·

58 2084 183 2146 sponsae
208 2084 284 2139 suae,
299 2063 432 2139 scilicet,
448 2083 548 2125 unum
570 2064 690 2124 toftum
716 2069 750 2124 et
776 2065 915 2125 crottum
939 2083 1013 2124 cum
1032 2063 1064 2124 lx
1079 2066 1161 2126 acris
1176 2069 1211 2125 et
1234 2078 1339 2129 Patriek

58 2161 222 2221 communi
237 2164 370 2242 pastura
384 2161 419 2221 in
434 2159 511 2220 villa
526 2158 567 2220 de
582 2158 731 2220 Kestern.
777 2158 881 2232 Quare
904 2159 1051 2221 volumus
1073 2165 1106 2220 et
1129 2181 1210 2241 prae·
1234 2160 1279 2258 {3}
1292 2146 1320 2194 ⁰f

58 2256 197 2338 cipimus
219 2262 258 2318 ut
284 2256 437 2338 praedicta
452 2255 559 2337 Agnes
583 2255 771 2336 praedict-am
795 2259 913 2317 terram
936 2260 1046 2317 toneat
1063 2254 1160 2316 libere
1176 2262 1209 2318 et
1320 2248 1327 2263 ⁸

58 2352 171 2434 quiete
191 2352 283 2415 sicud
307 2352 414 2434 aliqua
437 2351 568 2413 domina
587 2350 730 2433 aliquam
746 2352 855 2412 dotem
871 2351 1001 2412 liberius
1017 2355 1051 2412 et
1066 2351 1210 2433 quiecius
1248 2340 1251 2347 ’

57 2454 161 2512 tenet.
206 2448 281 2511 Hiis
296 2448 445 2511 testibus.

123 2640 249 2715 Sciant,
266 2646 327 2703 etc.
337 2640 421 2722 quod
431 2662 490 2724 ego
500 2641 681 2703 Willelmus
691 2641 730 2702 de
747 2640 968 2702 Brankestune
985 2640 1059 2702 dedi
1075 2647 1108 2703 et
1120 2660 1207 2702 cono.
1234 2646 1369 2760 Exebibga

56 2736 133 2801 eth.
146 2759 179 2821 p.
189 2738 365 2800 c.m.conf.
375 2736 512 2799 dominae
527 2738 689 2799 Marioriae
699 2737 738 2799 de
748 2733 1067 2822 Branlrestone(69a)
1077 2738 1210 2799 ethere-
1234 2762 1385 2821 ofBranton,

56 2833 151 2896 dibus
166 2834 233 2895 stris
259 2833 423 2895 Brontone
446 2835 480 2894 in
496 2832 733 2894 Westmerland
756 2854 830 2894 cum
856 2833 1004 2894 omnibus
1018 2834 1059 2894 ad
1075 2834 1210 2895 eandem
1234 2827 1341 2876 inwest

56 2930 169 2992 villam
184 2929 434 3013 pertinentibus.
471 2928 558 2990 'Ten
574 2935 607 2991 et
623 2929 697 2990 hab.
713 2929 752 2990 de
768 2948 820 2989 me
832 2934 866 2990 et
881 2930 947 2990 her.
961 2949 1003 2990 m.
1017 2929 1077 2991 sibi
1093 2936 1127 2991 et
1143 2930 1209 2992 her.
1234 2892 1386 3009 fflgssgss,

57 3028 131 3102 sun,
147 3026 207 3088 lib.
223 3027 336 3108 etqui.
357 3025 502 3107 plenarie
521 3029 555 3086 et
565 3023 749 3101 honorifice,
758 3024 876 3107 absque
889 3025 1033 3102 servicio,
1042 3030 1210 3087 consuetu-
1234 3024 1261 3073 in
1273 3025 1340 3073 cais-

56 3122 131 3186 dine
146 3128 182 3185 et
196 3122 376 3197 exaccione,
397 3121 483 3183 salvo
497 3121 651 3182 forinseco
668 3121 801 3181 servicio
816 3121 940 3181 domini
956 3119 983 3200 ej
990 3120 1099 3180 uadem
1114 3119 1209 3184 villae.
1233 3097 1299 3148 “⁰¹¹⁹
1312 3097 1360 3140 m

56 3218 234 3281 Reddenda
260 3216 336 3279 inde
359 3217 528 3278 annuatim
551 3216 632 3277 mihi
654 3215 705 3276 vel
727 3216 895 3277 heredibus
925 3215 1005 3274 meis
1031 3234 1132 3275 unum
1153 3236 1211 3296 par

56 3314 231 3375 calcarium
246 3313 288 3374 ad
303 3312 525 3385 Pentecosten,
541 3317 575 3373 et
589 3311 622 3372 lx
637 3331 725 3372 acras
741 3315 834 3372 terrae
850 3311 884 3371 in
901 3310 1050 3384 Kestem,
1063 3315 1098 3370 et
1113 3329 1210 3370 unam

56 3408 208 3471 bovatam
231 3414 327 3471 terrae
351 3409 386 3469 in
411 3406 583 3481 Cunsdiue,
599 3426 670 3488 quoe
686 3408 784 3468 estin
801 3404 1033 3481 Haliwerefolc‚
1049 3406 1210 3466 reddendo

55 3505 131 3568 inde
155 3504 326 3566 annuatim
351 3503 491 3566 Johanni
508 3501 617 3563 Edker
641 3523 739 3563 unam
756 3502 872 3562 libram
888 3502 1008 3582 piperis
1024 3501 1064 3562 ad
1091 3501 1209 3561 festum

56 3599 167 3664 Sancti
183 3600 358 3664 cuthberti
374 3601 409 3660 in
424 3604 613 3680 autumpno.
659 3598 703 3658 Et
718 3597 759 3658 ad
769 3597 863 3679 hujus
873 3598 918 3660 rei
930 3596 1209 3658 confirmacionem

56 3717 196 3779 praesens
211 3696 370 3777 scriptum
384 3694 492 3777 sigillo
507 3714 578 3756 meo
594 3693 751 3756 roboravi.

121 3888 300 3960 Universis‚
325 3892 387 3949 etc.
415 3885 604 3968 Ranulphus
628 3886 715 3947 filins
738 3885 907 3959 Willelmi,
934 3886 1080 3946 salutem.
1126 3884 1207 3945 Nov.
1299 3908 1318 3970 γ

56 4004 107 4047 me
133 3984 208 4047 ded.
230 4003 319 4045 conc.
341 3983 428 4044 eth.
450 4002 481 4064 p.
505 4002 532 4045 c.
558 4003 601 4043 m.
623 3981 706 4044 conf.
726 3980 920 4062 Margaretae
939 3982 1048 4042 anritae
1072 4000 1151 4042 meae
1175 3980 1208 4040 lx
1232 3959 1377 4075 fflffiffigt

56 4101 142 4143 acras
158 4086 253 4143 terrac
269 4079 304 4140 in
314 4080 462 4156 Kcstern,
478 4098 551 4139 cum
567 4099 631 4139 uno
646 4078 728 4139 tofto
740 4082 774 4137 et
785 4078 886 4138 crofto
902 4077 1006 4137 eidem
1022 4083 1115 4137 terrae
1135 4096 1207 4156 per·
1232 4091 1384 4155 byRanulph

56 4179 185 4238 tinente
200 4179 236 4237 et
263 4173 338 4256 (sic)
362 4174 500 4237 liberum
524 4179 558 4235 et
582 4193 697 4255 purum
713 4175 933 4254 maritagium‚
949 4192 1023 4233 curn
1044 4173 1206 4233 communi
1230 4156 1384 4273 wlff&

55 4280 198 4355 pastura,
215 4278 250 4332 et
265 4290 341 4331 cum
355 4270 506 4333 omnibus
521 4270 730 4351 pertinenciis
745 4270 809 4329 suis
825 4270 858 4330 in
876 4268 991 4329 boscho
1012 4275 1045 4329 et
1061 4267 1155 4349 plano
1171 4270 1204 4329 in
1230 4261 1300 4338 aerei
1311 4288 1337 4338 in

53 4371 167 4453 pratis,
183 4367 321 4451 pascuis,
336 4373 371 4428 et
385 4368 456 4445 viis,
472 4372 506 4428 et
518 4367 651 4444 semitis,
661 4367 694 4427 in
706 4367 807 4448 aquis,
818 4366 950 4447 stagnis,
961 4371 996 4426 et
1005 4364 1206 4441 molendinis,
1232 4354 1356 4405 &lm

55 4466 151 4528 rnoris
174 4469 210 4527 et
233 4462 377 4545 petariis‚
391 4469 427 4524 et
448 4464 482 4524 in
498 4463 645 4524 omnibus
660 4462 865 4524 libertatibus
880 4461 984 4523 eidem
999 4468 1093 4525 terrae
1108 4462 1207 4543 perti-
