2940 5048
374 353 422 404 nr
448 352 543 404 noro
569 351 805 404 uorssrraro.
1255 429 1257 433 ,
1318 333 1339 402 9

10 522 65 585 bus
101 522 178 585 aliis
216 522 311 584 rebus
341 542 413 604 quae
442 521 483 584 ad
513 522 599 603 ipsos
628 522 803 603 pertinent,
833 527 901 584 tam
931 523 1036 584 eundo
1066 543 1164 605 quarn
1194 529 1312 599 Wlfflin

10 617 181 695 redeundo,
208 639 228 681 a
254 619 389 702 grangia
414 617 455 679 de
475 617 619 699 Hulgam
645 617 732 679 ultra
761 618 920 680 culturam
946 639 984 680 ex
1015 618 1163 680 orientali

10 720 97 797 parte
112 713 201 776 villae
227 714 268 776 de
283 713 438 796 Hulgam,
452 713 509 775 ubi
532 713 579 775 eis
600 713 800 775 commodius
814 715 917 775 visum
941 715 1050 791 fuerit,
1064 734 1165 796 usque

10 812 48 874 ud
57 812 231 873 introitum
247 809 411 872 orientalis
422 809 540 891 capitis
549 809 692 891 ejusdcm
701 809 797 871 villae.
826 809 966 872 Tenend.
979 817 1013 873 et
1027 809 1164 873 habend.

10 908 106 970 dictis
122 906 196 968 abb.
212 911 246 968 et
260 926 345 968 mon.
362 904 452 967 sicud
468 906 657 987 praedictum
672 910 731 982 est,
743 906 783 968 de
798 927 850 968 me
865 907 1017 970 ethered.
1034 909 1114 969 meis
1129 908 1163 968 in

10 1008 214 1087 perpetuum,
229 1001 308 1064 adeo
324 1001 424 1063 libere
438 1008 473 1063 et
488 1003 598 1082 quiete
616 1001 706 1063 sicud
728 1002 836 1084 aliqua
858 1003 1030 1065 elemosina
1051 1003 1166 1065 melius

10 1100 129 1182 poterit
151 1099 220 1160 dari
243 1105 277 1161 et
298 1099 411 1160 teneri.
457 1097 502 1159 Et
517 1096 630 1160 licebit
644 1098 767 1161 eisdem
787 1100 952 1162 monachis
971 1105 1005 1162 et
1027 1100 1166 1162 homini·

10 1196 68 1288 bus
91 1197 158 1258 suis
180 1194 316 1257 eandem
331 1195 418 1255 viam
433 1213 593 1271 renovare,
608 1214 752 1277 reparare
767 1199 801 1257 et
822 1196 992 1258 emendare
1013 1197 1166 1278 quociens

10 1294 55 1355 eis
69 1293 174 1354 visum
190 1292 288 1353 fuerit
297 1291 366 1352 sine
381 1289 618 1352 contradioione
631 1291 682 1352 vel
698 1291 918 1373 inpedimento
934 1293 999 1354 mei
1010 1293 1166 1355 anthero-

9 1388 87 1451 dum
104 1408 261 1449 meorum.
307 1387 351 1448 Et
366 1405 425 1468 ego
441 1385 584 1468 Rogems
598 1391 633 1449 et
646 1386 774 1449 heredes
790 1389 855 1450 mei
877 1388 1063 1470 praedictam
1079 1390 1166 1452 viam

10 1486 109 1548 dictis
124 1484 199 1546 abb.
215 1488 249 1545 et
263 1483 435 1544 conventui
452 1487 485 1544 et
500 1482 572 1544 aliis
587 1503 659 1565 quae
671 1484 815 1565 superius
829 1486 1040 1546 nominantur
1054 1490 1166 1548 contra

10 1602 121 1644 omnes
135 1580 282 1642 homines
302 1582 336 1641 et
350 1579 497 1655 feminas,
508 1599 580 1640 war.
592 1599 660 1661 aeq.
676 1583 711 1642 et
724 1579 807 1642 def.
797 1600 832 1641 ιιι
844 1587 1044 1700 perpetuum.
1090 1581 1166 1643 Hiis

10 1677 160 1740 testibus·

79 1868 256 1932 Concordia
269 1888 327 1950 per
340 1868 613 1931 indenturam't
564 1872 613 1930 int
614 1889 650 1931 er
666 1869 825 1931 Abbatem
848 1874 881 1931 et
904 1868 1103 1932 conventum
1126 1870 1166 1932 de
1222 1868 1291 1984 diii·

10 1965 104 2028 Novo
120 1965 211 2027 Mon.
227 1969 262 2027 et
277 1965 450 2027 Girardum
471 1963 511 2026 de
526 1965 740 2047 Wodrington
764 1970 798 2026 et
811 1964 983 2042 heredes
955 1986 983 2047 ej
986 1986 1023 2027 us
1038 1966 1077 2028 de
1091 1985 1167 2028 con·
1190 1933 1221 1983 1¹¹
1222 1935 1326 1984 dentum

10 2062 167 2124 troversia
183 2081 254 2142 quaa
270 2061 334 2122 fuit
348 2061 434 2122 inter
448 2081 501 2123 eos
526 2061 566 2122 de
581 2061 693 2122 divisis
717 2062 803 2123 inter
828 2062 997 2144 grangiam
1019 2062 1058 2123 de
1084 2062 1168 2125 Hul-
1192 2008 1343 2116 didicerim

11 2163 135 2242 gamat
153 2158 377 2239 Wodrington,
405 2157 473 2221 scil.
477 2157 583 2239 ‚quod
601 2157 750 2239 praedicti
766 2156 918 2219 abbaset
905 2161 1109 2219 tconventus
1135 2164 1168 2220 et
1192 2137 1304 2266 lffilgffi

12 2254 169 2318 Girardus
192 2263 415 2315 concesserunt
436 2254 514 2315 istas
536 2273 602 2314 esse
623 2256 724 2314 rectas
746 2252 864 2315 divisas
885 2253 971 2314 inter
1000 2254 1168 2336 grangiam
1192 2268 1322 2319 sandwic

11 2353 53 2414 de
80 2350 224 2432 Hulgam
248 2353 282 2410 et
305 2349 530 2460 Wodrington‚
557 2348 691 2424 scilicet,
721 2348 810 2411 sicud
839 2348 920 2411 sulci
949 2351 1120 2413 trahuntur
1149 2334 1318 2412 adturgum

12 2447 131 2510 fossato
148 2447 188 2508 ad
204 2445 294 2507 Heth
309 2465 408 2527 usque
423 2446 459 2507 in
475 2444 639 2520 Alribum‚
656 2446 728 2507 ot
705 2465 749 2506 s1c
764 2465 821 2527 per
835 2444 987 2508 Alribum
1011 2467 1111 2529 usque
1126 2446 1167 2508 ad

12 2546 103 2606 riam
118 2562 189 2624 quae
203 2542 294 2603 ducit
308 2562 328 2602 a
342 2540 433 2603 Novo
449 2540 596 2617 Castello,
612 2544 645 2602 et
664 2541 710 2601 sic
731 2561 788 2623 per
810 2542 943 2604 eandem
959 2543 1046 2604 viam
1062 2563 1168 2605 versus
1192 2565 1332 2617 Newcsstle

12 2638 198 2722 aquilonem
213 2636 366 2718 usquead
382 2657 509 2699 crucem
531 2637 627 2698 sitam
645 2636 740 2718 juxta
762 2636 914 2700 fossatum
937 2639 1052 2721 leprosi
1067 2660 1168 2721 quon·
1193 2633 1259 2683 raud.

12 2736 90 2797 darn
106 2734 228 2795 ibidem
252 2733 422 2810 manentis,
437 2739 471 2795 et
486 2734 532 2794 sic
555 2752 611 2814 per
634 2732 785 2795 fossatum
808 2730 884 2818 (ob)
906 2734 986 2797 illud
1006 2756 1105 2817 usque
1126 2736 1168 2797 ad
1194 2749 1300 2813 nlepar

12 2851 141 2894 crucem
158 2832 254 2892 sitam
265 2829 360 2911 juxta
375 2849 527 2911 quercum
543 2848 650 2890 versus
670 2829 878 2907 occidentem,
894 2832 970 2893 et
946 2852 990 2906 ιιι
1014 2831 1054 2893 de
1077 2852 1168 2893 cruce
1193 2839 1293 2889 crossen

13 2928 55 2990 ad
78 2947 206 2989 crucem
241 2946 339 3007 usque
371 2927 405 2987 in
430 2925 685 3007 Appeltreleohe‚
709 2929 743 2987 et
774 2927 820 2988 sic
841 2946 898 3008 per
927 2923 1258 3021 Appeltrelechetruees
1192 2906 1309 2955 ΨΜ

13 3022 214 3086 ascendendo
228 3042 327 3104 usque
341 3022 383 3083 ad
399 3021 544 3103 stipitem
561 3042 652 3083 cruce
668 3022 842 3104 signatum,
854 3023 925 3084 et
902 3042 948 3084 sic
963 3044 1068 3085 sersus
1082 3024 1166 3085 occi·
1191 3037 1295 3087 marked

14 3121 147 3182 dentem
170 3138 226 3200 per
249 3137 381 3200 quercus
404 3137 497 3179 cruce
519 3117 661 3199 signatas
683 3137 755 3197 quae
777 3117 929 3179 dividunt
953 3118 1099 3181 baronias
1129 3120 1168 3181 de
1192 3103 1254 3153 with

15 3214 170 3297 Morpath
185 3219 219 3276 et
233 3214 272 3275 de
285 3213 448 3287 Qwalton3
464 3218 498 3274 et
508 3214 672 3275 sciendum
687 3217 735 3273 est
744 3211 829 3293 quod
839 3213 1010 3293 praedictus
1025 3214 1170 3276 abbast
1136 3219 1170 3276 et
1192 3184 1293 3219 mm

15 3317 191 3373 conventus
205 3317 239 3372 et
254 3308 408 3372 Girardus
423 3309 596 3370 etheredes
612 3309 660 3371 sui
681 3314 902 3369 concessenmt
911 3310 969 3368 ut
960 3328 993 3369 m
1006 3311 1169 3371 communi

16 3410 59 3469 sit
81 3408 170 3469 inter
192 3426 244 3467 eos
266 3406 421 3487 quicquid
444 3407 626 3467 continetur
658 3401 743 3466 inter
776 3423 912 3477 crucem,
935 3424 1007 3484 quae
1033 3405 1095 3467 sita
1120 3412 1170 3468 est

11 3505 109 3587 juxta
123 3502 312 3585 praediotam
328 3503 414 3565 viam
429 3501 514 3563 Novi
530 3501 671 3576 Castelli,
687 3504 721 3563 et
741 3500 839 3563 aliam
861 3520 998 3575 crucem,
1014 3521 1085 3582 quae
1108 3503 1170 3564 sita

16 3605 64 3661 est
75 3600 172 3682 juxta
184 3600 270 3660 viam
282 3598 321 3660 ds
332 3597 467 3660 Mitiord
484 3618 589 3658 versus
600 3599 767 3674 orientem,
782 3597 823 3658 ad
838 3616 963 3659 crucem
973 3597 1070 3660 sitam
1074 3597 1170 3680 juxta

18 3696 171 3758 fossatum
187 3694 386 3776 praediotum.
432 3693 508 3755 Hiis
523 3693 668 3755 testibus.

85 3888 256 3962 Omnibus,
293 3893 355 3950 etc
394 3886 557 3949 Johannes
601 3885 641 3948 de
679 3884 843 3960 Graistolr,
881 3884 1028 3948 salutem.
1086 3887 1169 3962 Quia
1193 3898 1329 3951 Oonflnna

20 3985 180 4047 Dominus
205 3983 395 4066 Ranulphus
421 3983 460 4045 de
486 3981 621 4062 Merlay,
638 3988 817 4044 antecessor
842 4001 931 4043 meus
961 3985 995 4043 ct
1018 3981 1168 4046 fimdator
1192 3965 1245 4014 tion
1258 3966 1287 4015 of

21 4081 183 4144 abbathiae
198 4080 283 4142 Novi
299 4080 502 4154 Monasterii,
519 4077 610 4139 dedit
624 4083 658 4140 et
673 4078 830 4140 concessit
850 4084 884 4140 et
899 4082 988 4140 carta
1013 4099 1069 4140 sua
1093 4101 1169 4143 con·
1192 4047 1315 4163 ilghclny

23 4176 165 4239 firmavit
192 4176 266 4238 abb.
293 4182 328 4238 ot
352 4176 517 4237 monachis
543 4174 640 4236 dictae
655 4175 769 4236 domus
799 4193 1004 4237 communam
1030 4183 1168 4257 pasturas
1193 4162 1268 4279 ᾏΟῙΨ
1272 4164 1302 4213 ‘¹⁰

23 4274 124 4335 tocius
155 4276 249 4334 terrae
280 4293 355 4349 suae,
385 4293 422 4333 ac
459 4275 569 4352 postea
599 4269 731 4351 quidam
758 4269 825 4332 her'
856 4271 1004 4353 praedicti
1035 4273 1167 4336 Domini
1217 4229 1335 4282 mistocu

24 4367 188 4449 Ranulphi
204 4368 244 4429 de
260 4367 377 4429 Merlai
400 4367 568 4450 praedictos
592 4366 760 4447 religiosos
784 4365 824 4427 de
844 4386 1016 4430 communa
1031 4374 1169 4450 pasturae

25 4486 86 4528 suae
117 4464 157 4528 dc
190 4464 412 4529 Stobbeswodc
442 4469 477 4527 et
507 4463 586 4525 alibi
616 4464 701 4545 apud
732 4462 877 4546 Hulgam
904 4485 960 4546 per
984 4469 1168 4546 potenciam
1194 4441 1300 4492 ΒΜ

1195 4507 1255 4557 uod.
