2940 5048
423 340 469 393 hv:
494 340 588 395 Novo
615 340 850 393 Moansnualo.

57 514 138 572 carta
161 530 235 573 mea
257 528 358 592 quam
381 509 471 572 vobis
492 509 567 572 dedi
590 509 631 571 de
653 508 785 571 Neuton
808 511 986 590 proportat‚
1006 509 1203 589 quapropter

55 606 119 667 volo
134 611 171 668 et
185 610 296 667 ratum
311 603 416 666 habeo
431 610 468 667 111
480 604 578 687 praed.
589 604 716 666 firmam
726 604 767 665 ad
779 602 877 685 prad.
890 608 983 664 term.
994 603 1024 664 ei
1039 602 1180 663 reddatis
1192 623 1200 674 ;

54 701 187 783 quodsi
211 700 330 783 aliquis
357 719 411 762 vos
440 700 481 762 dc
504 700 661 782 praedicta
694 699 788 760 firma
816 697 977 760 reddenda
1007 718 1120 758 vexare
1151 697 1202 759 vel

55 797 189 880 fatigare
204 797 357 872 voluerit,
372 817 431 878 ego
446 802 480 859 et
490 798 622 859 heredes
631 797 697 858 mei
709 816 782 857 cum
793 796 979 877 Margareta
987 801 1021 856 et
1033 793 1203 856 heredibus

55 894 117 955 81118
132 914 190 955 vos
204 913 279 955 war.
295 897 331 954 et
345 892 408 954 def.
424 898 537 954 contra
559 911 679 953 omnes.
725 891 883 953 Testibus.

118 1083 287 1147 Johannes
302 1084 342 1146 de
358 1081 441 1147 Caua
456 1087 491 1144 81
505 1082 644 1145 Jacobus
659 1083 758 1144 118181
774 1082 842 1164 ejus
858 1082 1007 1144 omnibus
1022 1081 1079 1143 1188
1095 1082 1205 1143 literas
1290 1084 1318 1125 V·

56 1187 127 1257 etc,
142 1181 292 1243 salutem.
338 1179 456 1243 Sciatis
471 1198 528 1240 nos
548 1198 636 1240 conc.
652 1184 687 1240 81
703 1178 735 1239 b.
751 1198 784 1259 p.
800 1199 830 1239 c.
843 1198 887 1238 111.
904 1176 996 1260 (sic.)
1011 1179 1093 1239 conf.
1115 1178 1205 1238 Mar·
1229 1142 1337 1256 3332?
1335 1157 1380 1255 1ζο

56 1284 176 1361 garctoe
191 1276 270 1338 filiae
285 1275 428 1339 Gilberti
444 1274 494 1337 De
515 1274 615 1336 lauall
637 1280 670 1336 et
694 1274 865 1337 heredibus
887 1276 953 1335 suis
975 1274 1096 1336 donum
1119 1273 1204 1354 quod
1229 1274 1310 1321 *²le
1321 1273 1354 1334 by

54 1373 218 1435 Walterus
243 1371 330 1433 filius
355 1369 499 1433 Gilberti
521 1369 614 1432 dedit
636 1371 679 1447 ei,
695 1370 829 1446 scilicet,
844 1374 950 1431 totum
971 1372 1140 1432 servicium
1165 1370 1204 1431 de
1229 1337 1358 1453 Jssffiffl

55 1469 196 1542 Neuton,
213 1467 299 1550 quod
314 1465 463 1528 monachi
479 1466 520 1527 de
537 1465 629 1526 Novo
644 1465 736 1527 Mon.
752 1470 875 1541 tenent,
890 1466 974 1527 unde
996 1465 1047 1527 illi
1069 1466 1203 1527 reddent
1231 1471 1317 1520 Causa.

55 1565 227 1627 annuatim
250 1562 411 1644 praedictae
435 1560 630 1643 Margaretae
654 1566 688 1623 et
710 1561 880 1623 heredibus
902 1563 968 1623 suis
990 1569 1056 1624 tres
1071 1581 1204 1638 marcas,

56 1659 123 1723 scil.
140 1679 220 1721 xxa.
235 1658 277 1721 ad
292 1658 386 1721 Pent.
403 1662 437 1719 et
451 1677 492 1718 xx
502 1677 527 1718 8.
542 1656 584 1718 811
600 1657 719 1719 festum
735 1657 768 1720 S.
781 1656 899 1720 Cuthh.
910 1658 943 1718 111
955 1656 1050 1739 Sept.
1079 1658 1157 1719 Ten.
1170 1663 1203 1718 81

56 1756 131 1818 hab.
146 1756 190 1818 de
212 1754 305 1816 nobis
325 1757 359 1816 ct
381 1754 448 1816 her.
463 1773 496 1814 n.
512 1754 546 1814 in
563 1752 658 1815 feudo
673 1759 708 1815 et
729 1753 909 1815 hereditate
924 1753 1024 1815 libere
1040 1753 1148 1833 quiete
1171 1759 1205 1814 et

56 1852 195 1933 integre,
210 1849 371 1925 reddendo
386 1848 481 1911 nobis
496 1849 609 1911 811181.
625 1869 658 1911 11.
674 1848 704 1930 vj
719 1848 827 1910 denar.
840 1849 880 1910 ad
890 1849 1071 1930 scutagium
1081 1848 1205 1909 domini

56 1946 156 2029 Regis
172 1945 300 2028 quando
322 1944 466 2007 evenerit
487 1945 523 2005 111
539 1943 783 2007 Northrmbria.
829 1944 874 2004 Et
894 1945 921 2005 si
936 1944 1018 2005 forte
1033 1943 1138 2025 Marg.
1155 1942 1206 2004 vel

23 2066 27 2073 ·
56 2043 164 2105 hored.
180 2042 232 2103 sui
254 2040 289 2102 in
311 2040 512 2102 forisfactum
534 2039 719 2113 inciderint,
736 2038 861 2100 dabunt
882 2059 940 2120 pro
963 2039 1125 2100 forisfacto
1148 2058 1205 2100 suo

56 2136 88 2221 vj
101 2137 148 2216 d,
163 2142 199 2199 81
213 2156 271 2218 pro
285 2136 392 2198 relevo
405 2156 463 2197 suo
475 2135 505 2217 vj
518 2135 549 2196 d.
566 2137 693 2218 quando
714 2135 866 2196 evenerit.
913 2135 991 2196 Haec
1003 2136 1111 2195 omnia
1126 2155 1207 2216 prae·

57 2233 147 2296 dicta
162 2251 223 2315 ego
238 2231 313 2294 Joh.
330 2231 369 2293 de
392 2231 477 2294 Caua
493 2237 527 2292 et
549 2230 687 2293 Jacobus
703 2231 801 2292 frater
823 2250 913 2292 meus
936 2231 1148 2292 concessimus
1171 2236 1205 2292 et

58 2349 91 2413 p.
107 2348 136 2391 c.
151 2349 185 2391 11.
209 2326 468 2390 confirmavimus
488 2328 586 2409 praed.
611 2328 803 2409 Margaretae
825 2332 859 2389 et
882 2327 948 2389 her.
965 2348 988 2388 8.
1005 2328 1145 2389 tenenda
1166 2328 1206 2389 de

57 2424 153 2488 nobis
167 2430 204 2486 et
217 2423 285 2486 her.
297 2424 415 2486 nostris
430 2424 498 2485 sine
513 2424 601 2485 omni
618 2428 838 2486 retenemento
854 2444 911 2504 per
926 2424 1024 2505 praed.
1035 2425 1206 2486 servicium

58 2520 151 2584 sicud
165 2530 256 2582 carta
269 2520 369 2602 praed.
384 2519 523 2581 Walteri
540 2523 688 2581 testatur.
736 2520 780 2580 Et
803 2540 859 2580 nos
875 2526 909 2581 et
932 2521 1000 2582 her.
1016 2521 1117 2582 nostri
1133 2542 1205 2582 war.

58 2616 159 2699 praed.
174 2614 281 2697 Marg.
297 2619 331 2677 81
347 2615 416 2678 her.
431 2636 456 2677 s.
473 2621 587 2677 contra
609 2635 696 2677 omn.
712 2615 798 2676 hom.
822 2616 991 2696 praedictos
1013 2616 1045 2678 xl
1062 2637 1085 2679 s.
1132 2617 1207 2679 Hiis

58 2709 213 2775 testibus.

120 2902 290 2980 Omnibus,
305 2907 368 2967 etc.
412 2903 577 2966 lohannes
592 2902 632 2966 de
657 2904 740 2968 Caua
760 2909 794 2967 81
810 2905 904 2967 Alina
927 2927 1005 2968 uxor
1027 2906 1106 2990 ejus,
1121 2907 1206 2969 salu·
1292 2914 1327 2978 vj·

60 3008 142 3065 tem.
187 2998 306 3063 Sciatis
327 3019 385 3061 nos
408 3019 496 3062 conc.
520 3004 555 3060 81
578 2999 611 3061 h.
631 3021 658 3061 c.
674 3020 707 3061 n.
730 3001 812 3063 conf.
835 3001 904 3063 Deo
927 3008 1024 3083 atque
1047 3003 1209 3065 abbathiae
1234 2980 1369 3095 gssssflff

59 3097 94 3161 S.
110 3094 160 3158 M.
175 3094 237 3158 No.
253 3092 323 3157 Μο.
338 3099 372 3157 81
389 3114 476 3156 mon.
493 3093 615 3156 ibidem
631 3094 698 3155 Deo
715 3095 935 3172 servientibus,
951 3117 1009 3179 pro
1024 3098 1079 3159 sal.
1103 3118 1154 3159 an.
1175 3118 1206 3162 n.
1234 3112 1339 3160 Newron
1350 3111 1384 3174 by

60 3189 163 3278 (9611)
176 3196 213 3253 81
237 3210 325 3253 omn.
340 3193 445 3252 antec.
469 3196 652 3252 nostrorum
675 3196 709 3251 81
735 3190 842 3251 hered.
870 3196 973 3252 totam
1000 3193 1209 3254 donacionem
1234 3177 1345 3293 ᾗζξξθὰθ

60 3286 201 3351 Waltari
217 3286 259 3348 de
279 3284 399 3347 Bolum
420 3286 523 3368 patris
545 3285 652 3348 uxoris
674 3305 764 3362 meae,
780 3285 914 3362 scilicet,
930 3286 1113 3349 Neutonam
1136 3310 1210 3350 cum
1317 3280 1322 3291 '

61 3382 213 3447 omnibus
226 3381 437 3464 pertinenciis
452 3401 508 3463 per
523 3401 595 3442 suas
621 3386 725 3442 rectas
748 3380 876 3457 divisas,
892 3382 924 3442 in
941 3381 1034 3444 bosco
1056 3390 1090 3444 et
1112 3385 1209 3466 plano

62 3481 99 3541 ct
121 3478 159 3539 in
183 3476 336 3539 omnibus
361 3476 434 3538 aliis
449 3477 561 3538 asiam.
576 3474 618 3536 ad
632 3475 732 3558 praed.
755 3476 940 3538 Neutonam
962 3480 1209 3560 pertinentibus,

62 3573 155 3635 sicud
176 3574 363 3635 continetur
384 3571 419 3634 in
441 3577 532 3634 carta
554 3591 650 3654 quam
673 3572 845 3653 praedictus
865 3574 1026 3637 Walterus
1048 3577 1210 3658 praedictis

63 3668 230 3732 monachis
238 3668 341 3747 dedit,
352 3672 511 3751 quantum
525 3668 567 3730 ad
581 3687 638 3729 nos
653 3669 795 3749 pertinet
810 3675 844 3730 et
859 3671 991 3732 eandem
1003 3672 1209 3734 donacionem

65 3764 156 3827 sicud
179 3784 294 3846 puram
319 3770 355 3826 et
376 3783 466 3845 perp.
483 3762 524 3824 el.
552 3784 628 3824 cum
646 3782 732 3825 omn.
757 3765 868 3825 asiam.
891 3772 926 3827 81
949 3767 1006 3829 lib.
1030 3770 1093 3830 suis
1120 3767 1209 3829 sicud

66 3864 156 3921 carta
170 3860 268 3941 prad.
284 3858 423 3921 Walteri
439 3858 480 3921 de
494 3857 613 3920 Bolum
628 3863 795 3939 proportat
810 3865 844 3921 et
859 3864 1005 3940 testatur,
1021 3883 1078 3924 nos
1092 3870 1126 3925 81
1142 3865 1208 3926 her.

67 3975 100 4018 11.
114 3960 227 4019 contra
241 3976 351 4019 omues
366 3956 566 4038 calumpnias
581 3961 616 4017 81
629 3955 898 4038 calumpniatores
912 3980 985 4022 war.
1001 3967 1035 4022 et
1043 3968 1208 4023 manuten.

67 4052 103 4115 in
117 4057 309 4137 perpetuum
354 4051 514 4115 Testibus.

133 4242 302 4323 Omnibus,
325 4248 389 4307 etc.
434 4244 597 4307 Johannea
623 4245 662 4306 de
687 4244 770 4307 Cauz
801 4245 950 4309 1111111118
976 4269 1054 4311 uxor
1079 4251 1148 4334 ejus
1175 4257 1209 4315 81
1287 4269 1337 4336 vij·

67 4336 206 4402 Jacobus
214 4340 255 4403 de
264 4338 360 4419 Caua,
371 4340 471 4403 frater
485 4341 588 4424 ipsius
602 4340 623 4402 J
626 4340 762 4402 ohannis
776 4341 816 4403 de
826 4339 920 4416 Cauz,
933 4349 968 4406 et
978 4345 1121 4410 Adalisia
1132 4370 1210 4412 uxor
1234 4335 1345 4387 Fl‘lh‘ff

68 4432 148 4516 ejus,
170 4434 318 4500 salutem.
363 4435 481 4501 Sciatis
507 4457 565 4500 nos
588 4457 677 4499 conc.
700 4444 734 4499 et
758 4437 791 4500 h.
816 4458 892 4504 811.
915 4441 998 4505 conf.
1021 4442 1089 4507 Deo
1112 4451 1210 4530 atque
1235 4404 1387 4534 ibbflffio
