2940 5048
358 317 511 393 roarro'u
537 338 582 392 or
607 339 655 391 iu
681 339 833 391 sucrum·
858 339 961 393 6616.

74 512 226 591 ticinus
240 528 403 572 aoracum
418 527 482 570 una
508 507 585 570 roda
599 508 684 589 apud
700 508 921 569 molendinum
939 507 1146 584 ventricium,
1161 526 1225 569 una

77 629 152 671 acra
167 614 202 669 61
217 605 353 669 dimidia
367 604 453 687 apud
468 603 499 665 le
515 603 719 685 Horssepule‚
731 604 804 665 (1666
819 624 899 666 acrae
915 604 949 664 in
964 604 1009 666 les
1024 603 1145 681 Flores,
1154 605 1226 665 (1666

77 723 160 765 acrae
183 722 258 764 cum
281 700 417 762 dimidia
440 699 527 781 apud
543 699 716 774 Eltrecros,
731 719 796 760 una
820 719 894 761 acra
917 720 992 761 cum
1015 700 1118 762 tribus
1141 700 1225 761 rodis

78 798 164 881 apud
187 796 412 879 Mettyrleohe,
435 795 509 858 duae
530 814 612 857 acrae
638 796 725 876 apud
748 794 992 871 Blalrlawewell‚
1017 796 1162 877 jacentes
1185 817 1224 858 ex

78 899 215 975 6166666
230 896 322 975 parte
348 892 388 954 de
404 890 451 953 les
465 890 586 974 Welys‚
601 910 666 951 una
691 911 766 952 acra
790 892 876 973 apud
901 891 932 954 le
946 892 978 953 N
979 890 1225 974 orthlangdyke,

80 988 217 1050 dimidia
232 1008 306 1050 acm
320 986 405 1069 apud
420 986 452 1049 16
467 985 669 1069 Breryknoll‚
685 987 822 1048 dimidia
837 1007 911 1048 acra
932 989 1018 1069 apud
1043 987 1073 1049 16
1097 986 1225 1050 Shouil-

80 1083 205 1167 bradys,
221 1103 285 1145 una
307 1102 381 1144 acra
405 1102 445 1143 ex
468 1086 561 1164 parte
583 1082 774 1144 occidentali
800 1082 852 1144 del
867 1083 1002 1156 Fennes‚
1017 1103 1081 1144 una
1096 1102 1169 1144 acra
1191 1087 1226 1144 et

78 1198 144 1241 una
158 1179 235 1241 roda
249 1180 285 1241 in
299 1179 344 1241 les
360 1177 478 1241 Croftis
493 1178 576 1240 infra
591 1178 697 1256 silvas,
709 1197 773 1239 una
787 1178 865 1240 roda
876 1180 961 1260 apud
973 1178 1005 1239 16
1016 1177 1224 1256 Hallebalke,

80 1279 116 1337 et
129 1274 202 1337 duae
227 1294 309 1336 acrae
323 1275 410 1355 prati
436 1274 521 1355 quod
544 1278 677 1336 vocatur
698 1272 729 1334 le
751 1273 992 1356 Lytilmedowe,
1007 1295 1064 1356 pro
1085 1275 1224 1356 quadam

78 1389 208 1431 summa
235 1369 391 1452 pecuniae,
417 1388 517 1449 quam
543 1367 717 1449 praedictus
752 1367 912 1430 Robertus
939 1369 979 1431 de
1004 1369 1130 1451 Joneby
1159 1390 1226 1451 prae

78 1464 228 1527 manibus
243 1465 277 1525 in
288 1463 478 1526 necessitate
494 1483 551 1525 sua
565 1464 719 1545 praedicto
728 1463 892 1525 Willelmo
903 1464 1004 1528 dedit.
1037 1465 1225 1527 Tenendum

79 1566 115 1622 61
128 1559 312 1622 habendum
327 1559 482 1641 praedicta
496 1558 618 1620 toftum
642 1578 715 1620 cum
740 1559 850 1634 croft0,
867 1564 965 1621 terras
981 1563 1016 1621 61
1031 1565 1170 1643 pratum,
1185 1561 1225 1622 de

79 1676 144 1735 me,
158 1655 337 1719 haeredibus
352 1659 387 1716 61
401 1654 571 1737 assignatis
595 1655 677 1717 meis
699 1659 854 1736 tanquam
877 1656 1072 1736 capitalibus
1088 1656 1225 1718 dominis

77 1752 166 1815 feodi
190 1752 440 1834 imperpetuum,
461 1750 575 1826 libere,
589 1751 711 1831 quiete,
726 1751 863 1832 integre,
879 1771 995 1826 secure,
1019 1751 1111 1829 bene,
1133 1756 1168 1813 61
1189 1752 1224 1812 16

79 1867 169 1932 6666,
185 1867 261 1909 cum
275 1846 424 1909 omnibus
440 1849 474 1907 et
489 1846 623 1928 singulis
645 1844 860 1922 libertatibus,
875 1847 1168 1925 commoditatibus,
1190 1851 1225 1908 et

80 1943 297 2028 aysiamentis,
312 1943 354 2005 ad
368 1941 523 2024 praediota
536 1946 723 2004 tenementa
737 1942 772 2002 in
788 1942 935 2004 omnibus
950 1942 1028 2004 locis
1043 1942 1127 2004 infra
1141 1963 1225 2024 prae·
1241 1938 1244 1944 ’

79 2038 202 2101 dictam
216 2037 328 2100 villam
342 2037 383 2099 de
398 2036 611 2120 Stanyngton'
625 2042 660 2099 et
675 2040 765 2098 extra
780 2036 965 2118 aliqualiter
982 2038 1225 2121 expectantibus

81 2132 200 2219 (sic)et
210 2132 456 2217 pertinentibus.
480 2132 655 2194 Reddendo
664 2132 739 2194 inde
749 2134 916 2194 annuatim
925 2134 1036 2211 michi,
1047 2134 1225 2196 haeredibus

78 2233 114 2292 et
128 2231 300 2313 assignatis
315 2229 405 2305 meis,
419 2231 577 2310 tanquam
603 2227 795 2309 capitalibus
817 2227 955 2290 dominis
977 2228 1073 2305 feodi,
1089 2229 1225 2311 quadra-

77 2326 173 2410 ginta
186 2325 332 2389 denarios
346 2324 388 2386 ad
403 2324 481 2386 duos
496 2323 573 2384 6661
597 2324 759 2399 terminos,
774 2324 926 2387 videlicet
948 2325 1067 2407 viginti
1081 2325 1225 2387 denarios

78 2422 120 2484 ad
146 2421 267 2484 festum
289 2420 506 2497 Pentecostes,
530 2424 565 2481 et
590 2420 709 2502 viginti
733 2419 877 2481 denarios
903 2419 944 2481 ad
971 2420 1089 2482 festum
1113 2420 1223 2483 Sancti

78 2517 219 2580 Martini
233 2518 268 2578 in
283 2516 398 2599 hyeme
416 2534 474 2597 pro
499 2513 646 2577 omnibus
669 2513 742 2576 aliis
765 2515 917 2592 serviciis,
933 2515 1223 2592 consuetudinibus,

78 2613 313 2689 exaccionibus,
328 2616 363 2674 et
378 2611 544 2674 demendis
559 2610 822 2693 quibuscumque.
856 2612 927 2695 Ego
942 2613 1048 2675 dictus
1062 2613 1223 2676 iohannes

78 2709 119 2772 de
143 2707 315 2793 Graystolr,
334 2707 486 2782 haeredes,
508 2711 542 2769 61
568 2706 723 2788 assignati
745 2708 823 2784 mei,
845 2709 998 2789 praedicto
1020 2709 1160 2771 Roberto
1182 2711 1223 2771 (16

77 2804 213 2888 Joneby,
229 2803 420 2879 haeredibus,
435 2807 470 2865 61
493 2802 663 2884 assignatis
679 2803 754 2879 6616,
770 2804 894 2866 dictum
909 2804 1074 2867 redditum
1089 2806 1224 2886 quadra·

77 2901 172 2983 ginta
195 2900 398 2963 denariorum
413 2903 545 2962 tantum
560 2897 738 2960 relaxamus
760 2919 818 2980 per
842 2906 1014 2981 praesentes
1028 2906 1063 2963 61
1076 2903 1224 2982 quietum

79 2995 256 3057 clamamus
269 2996 519 3078 imperpetuum,
534 2994 583 3054 ita
598 2994 682 3075 quod
706 3013 765 3054 nec
780 3014 840 3075 ego
855 3014 914 3055 neo
929 2994 1047 3076 aliquis
1061 2996 1223 3058 haeredum

78 3110 135 3153 seu
158 3092 394 3174 assignatorum
416 3093 597 3151 nostrorum
621 3089 656 3149 in
678 3088 832 3170 praedicto
857 3089 986 3150 redditu
1008 3090 1223 3173 quadraginta

79 3185 282 3249 denariorum
304 3189 435 3248 tantum
449 3184 580 3265 aliquod
600 3183 656 3266 jus
671 3183 721 3246 vel
736 3182 897 3245 clameum
912 3184 951 3245 de
967 3189 1082 3246 caetero
1096 3187 1224 3268 exigere

80 3282 130 3343 vel
157 3282 325 3345 vendicare
354 3280 543 3363 poterimus,
570 3278 667 3340 salvis
696 3283 805 3341 tamen
836 3279 948 3354 michi,
977 3279 1165 3356 haeredibus,
1190 3286 1223 3343 et

79 3377 248 3461 assignatis
263 3378 354 3453 meis,
365 3375 473 3438 omnia
488 3374 553 3437 6116
567 3375 701 3437 servicia
717 3379 743 3436 si
760 3395 823 3456 qua
838 3375 960 3436 fuerint
974 3374 1050 3436 inde
1064 3374 1175 3437 debita
1189 3381 1223 3438 et

81 3477 231 3535 consueta
244 3476 277 3535 et
292 3471 426 3534 66666116
450 3471 477 3532 61
501 3471 652 3533 advenire
667 3470 849 3552 contigerit.
895 3470 935 3531 In
959 3469 1050 3551 cujus
1070 3472 1115 3531 rei
1132 3472 1223 3532 16611-

79 3568 227 3629 monium
241 3566 451 3649 presentibus
465 3565 568 3629 literis
583 3564 728 3648 sigillum
743 3585 851 3627 meum
866 3569 916 3627 est
929 3585 1115 3647 appensum.
1147 3565 1224 3628 Η116

82 3662 231 3738 testibus,
255 3662 394 3726 dominis
419 3661 546 3744 Rogero
570 3659 698 3736 Corbet,
722 3659 852 3723 Simone
872 3661 999 3736 Warde,
1014 3660 1161 3723 iohanne
1182 3661 1223 3723 de

82 3755 200 3840 Oggle,
225 3757 333 3831 milit,
360 3755 508 3819 Johanne
533 3756 573 3818 de
597 3755 852 3838 Wyderington’,
879 3756 1003 3838 Rogero
1035 3757 1223 3833 Maudoute,

83 3850 227 3915 Jobnnne
241 3853 282 3915 de
297 3851 446 3928 Dudden,
460 3850 624 3912 Willelmo
647 3849 688 3912 de
705 3850 876 3935 Salteaplr,
891 3852 1054 3914 Willelmo
1077 3872 1223 3933 procura·

85 3951 162 4025 tore,
177 3953 211 4011 61
225 3948 308 4011 aliis.

148 4128 290 4214 Cumque
312 4135 422 4194 autem
437 4130 592 4212 aspiciens
616 4150 649 4192 se
670 4130 777 4213 ipsum
797 4150 862 4192 non
878 4133 1025 4213 genuisse
1040 4131 1174 4214 prolem,
1189 4136 1223 4193 61
1246 4126 1361 4242 mad«

85 4225 282 4307 corpulentus
297 4227 412 4290 vaulde
427 4227 461 4288 in
477 4224 585 4288 etam¹
613 4245 794 4308 prosperam
809 4228 999 4307 pervenisse,
1014 4228 1104 4290 dedit
1112 4232 1222 4290 autem
1309 4210 1347 4246 ω’·

86 4319 207 4384 cuidam
221 4323 361 4385 Roberto
379 4321 531 4403 Himyng
555 4320 715 4402 quandam
741 4319 887 4402 placeam
905 4323 945 4383 de
970 4329 1060 4387 vasto
1075 4324 1140 4388 solo
1166 4344 1222 4387 suo
1285 4324 1335 4386 B

391 4455 400 4487 ¹
419 4453 456 4507 So
468 4452 495 4505 in
508 4451 567 4507 MS.
580 4452 623 4508 sor
634 4453 729 4508 ‘vulda
741 4452 769 4506 in
781 4454 907 4507 aetuleml
