2940 5048
339 306 492 392 soarrou
517 339 562 391 or
587 338 634 390 ru
660 338 813 390 morsus
838 338 939 391 som.

57 507 217 570 custodiae
231 513 388 570 terrarum
415 528 493 589 quas
516 506 705 591 Radulphus
729 507 769 570 de
785 506 944 591 Graystok
971 510 1063 589 pater
1085 506 1209 569 domini

56 624 144 665 nunc
159 603 277 665 habuit
286 603 361 687 jure
384 603 585 668 hereditario.
631 605 676 667 Et
691 604 732 667 de
754 603 810 666 illo
825 605 957 666 servicio
980 603 1045 666 fuit
1059 602 1209 665 dominus

57 699 128 762 Rex
138 700 267 762 seisitus
276 699 723 783 beneperquiudecimannos
733 705 877 782 tempore
888 699 1041 763 custodiae
1049 699 1208 762 dictarum

57 801 228 872 terrarum,
243 801 278 858 et
296 815 376 878 quas
391 795 540 858 dominus
554 795 743 878 Redulphus
759 797 799 858 de
813 795 925 858 Neuill
952 794 1066 856 habuit
1081 795 1115 855 in
1138 815 1208 857 eus·

58 892 151 955 todia
173 892 215 954 de
229 892 360 954 domino
376 891 466 975 Rege
484 891 610 954 racione
628 892 760 954 minoris
782 893 888 954 aetatis
903 893 1026 954 domini
1049 891 1207 954 Willelmi

59 988 101 1051 de
116 985 276 1071 Graystolr
292 1007 387 1051 nuno.
432 987 478 1051 Et
491 1007 578 1050 nuno
593 988 699 1050 dietus
715 987 871 1051 Robertus
886 989 925 1051 de
935 988 1073 1072 Raymes
1087 987 1208 1050 clamat

61 1083 176 1146 nichili
199 1090 308 1147 tenere
334 1083 374 1146 de
398 1083 528 1146 domino
552 1082 717 1146 Willelmo
743 1083 783 1147 de
807 1083 979 1168 Graystolr‚
1001 1104 1059 1146 neo
1081 1085 1208 1147 nullum

61 1181 233 1244 servicium
244 1181 348 1242 iacere
356 1180 399 1255 ei,
411 1180 466 1242 sed
477 1179 609 1242 omnino
618 1201 651 1242 se
662 1181 838 1243 attomavit
849 1181 978 1242 domino
987 1181 1152 1244 Willelmo
1166 1182 1207 1244 de

62 1276 161 1340 Herle
185 1280 296 1338 eontra
327 1276 513 1359 homagium
537 1277 638 1357 patris
664 1276 723 1338 sui.
779 1275 824 1339 Et
848 1278 954 1358 quoad
981 1277 1208 1361 Doddyngtou‚

61 1373 210 1436 dominus
234 1372 372 1434 Thomas
388 1370 475 1454 Gray
491 1377 582 1454 pater
605 1372 795 1454 perquisivit
810 1376 931 1435 terram
953 1373 994 1435 de
1008 1373 1209 1436 Edmundes·

61 1467 170 1546 oruke,
184 1488 257 1550 quae
279 1472 407 1530 tenetur
429 1466 469 1530 de
491 1467 631 1530 dominis
654 1468 694 1530 de
715 1467 941 1550 Doddyngton'
957 1489 1013 1550 per
1036 1471 1208 1531 servicium

62 1565 161 1627 trium
178 1563 350 1626 solidorum
368 1583 571 1646 perannum,
586 1563 758 1646 dequibus
774 1564 885 1645 xviijd.
901 1567 1065 1646 pertinent
1080 1566 1210 1627 domino

62 1659 228 1722 Willelmo
260 1660 300 1723 de
336 1658 508 1742 Graystolr‚
535 1666 569 1722 et
595 1660 715 1722 residui
750 1660 863 1741 xviijd.
891 1661 1055 1743 pertinent
1080 1660 1210 1722 domino

63 1756 195 1819 Thomas
210 1756 309 1838 Gray,
325 1757 381 1838 qui
396 1756 535 1818 Thomas
549 1757 675 1818 detinet
694 1756 861 1837 praediotos
877 1756 989 1838 xviijd.
1013 1758 1210 1838 pertinentes

64 1854 196 1917 domino
221 1852 385 1915 Willelmo
409 1852 450 1914 de
474 1851 646 1936 Graystok‚
668 1858 702 1914 et
735 1853 794 1914 hoe
816 1874 836 1915 a
858 1859 927 1916 toto
949 1860 1092 1935 tempore
1115 1855 1211 1916 dietae

64 1950 309 2033 perquisitionis
323 1949 404 2011 bene
421 1970 477 2032 per
491 1948 660 2011 duodecim
675 1968 783 2010 annos.
831 1950 875 2011 Et
890 1950 976 2031 quod
990 1970 1100 2012 omnes
1115 1949 1210 2012 liberi

64 2052 212 2109 tenentes
234 2066 272 2108 ex
290 2044 424 2108 australi
449 2051 541 2128 parte
566 2045 607 2108 de
626 2045 744 2107 Nesbit
768 2066 893 2127 semper
919 2047 1063 2109 fecerunt
1089 2052 1210 2109 sectam

64 2142 242 2205 molendini
270 2141 312 2203 de
332 2140 559 2224 Doddyngton’
586 2147 761 2222 antequam
786 2142 936 2211 dominus
960 2141 1098 2203 Thomas
1123 2142 1211 2222 Gray

64 2244 164 2302 terras
180 2239 337 2301 dictorum
353 2238 540 2299 tenenoium
554 2237 756 2319 perquisivit,
772 2242 891 2320 etpost
912 2237 1033 2299 dietam
1054 2239 1211 2320 perquisi-

63 2335 190 2397 eionem
206 2332 320 2397 nolunt
335 2333 438 2395 facere
454 2332 576 2395 dietam
590 2338 711 2395 sectam
729 2332 768 2395 de
783 2353 846 2414 qua
861 2333 1009 2395 dominus
1027 2333 1212 2396 Willelmus

63 2430 104 2493 de
123 2428 285 2514 Graystolr
302 2428 444 2512 perdidit
464 2427 683 2491 medietatem.
728 2429 774 2490 Et
794 2428 849 2490 ubi
870 2448 979 2491 omnes
1002 2434 1149 2491 tenentes
1171 2430 1212 2492 de

63 2526 281 2610 Doddyngton
297 2545 422 2607 semper
437 2524 581 2589 solebant
599 2525 714 2587 habere
731 2526 949 2588 eommuniam
964 2527 999 2588 in
1016 2526 1109 2589 bosco
1129 2532 1163 2589 et
1177 2527 1212 2587 in

63 2643 154 2687 mora
169 2624 209 2686 de
232 2623 401 2700 Goffeden,
417 2642 501 2685 nuno
523 2623 674 2705 impediti
693 2628 768 2685 sunt
784 2642 841 2705 per
856 2624 962 2686 David
981 2624 1079 2708 Gray,
1100 2629 1134 2686 et
1147 2642 1212 2685 non

63 2720 186 2783 audent
200 2720 248 2783 ibi
260 2720 369 2782 venire
384 2724 514 2802 propter
525 2726 651 2782 metum
668 2719 749 2782 dieti
761 2720 866 2782 David
881 2725 916 2784 et
924 2721 1212 2803 impedimentum

64 2821 100 2880 et
115 2816 173 2879 ubi
187 2835 298 2879 omnes
319 2821 466 2879 tenentes
485 2816 527 2878 de
542 2815 758 2899 Doddyngton
782 2837 906 2898 semper
925 2816 1069 2881 solebant
1095 2818 1212 2879 habere

64 2932 273 2976 eommunam
296 2919 437 2994 pasturas
461 2917 605 2993 tempore
629 2916 739 2994 aperto
765 2912 849 2972 infra
864 2934 1014 2995 eampum
1030 2914 1071 2977 de
1084 2914 1213 2992 Nesbit,

65 3028 153 3072 nune
174 3009 327 3091 impediti
351 3012 428 3071 sunt
442 3028 501 3091 per
524 3008 714 3089 praedietum
737 3007 855 3082 David,
878 3009 968 3090 cujus
993 3010 1214 3091 inquisicionis

64 3105 159 3187 oopia
181 3124 277 3187 penes
306 3104 432 3167 dictum
463 3103 672 3166 Edmundum
702 3106 828 3164 retenta
845 3102 917 3185 jam
940 3103 1015 3166 huic
1038 3105 1142 3167 rotulo
1164 3111 1214 3168 est

64 3199 227 3284 aruns!

133 3376 179 3439 Et
192 3378 371 3440 notandum
392 3380 441 3439 est
452 3377 537 3459 quod
548 3375 695 3457 quamvis
706 3374 895 3457 Radulphus
906 3375 1053 3437 dominus
1065 3375 1104 3438 de
1117 3377 1214 3440 Neuil

66 3478 101 3536 et
116 3471 223 3536 Alesia
246 3493 324 3535 uxor
347 3470 427 3554 ejus,
454 3477 557 3534 mater
580 3472 674 3534 istius
696 3470 864 3547 willelmi,
888 3477 1018 3534 tenuere
1041 3472 1152 3535 villam
1175 3476 1214 3538 de

67 3568 209 3651 Vlgham
224 3568 258 3629 in
273 3569 393 3644 dotem,
409 3572 519 3630 tamen
535 3568 645 3630 eodem
661 3572 803 3648 tempore
818 3566 979 3629 ,lohannes
994 3568 1033 3630 de
1048 3568 1165 3652 Bevvyk
1181 3576 1215 3633 et

68 3663 229 3727 Johannes
251 3662 338 3747 Gray
353 3662 516 3726 subtiliter
539 3662 707 3745 perquisiti
727 3668 800 3725 sunt
823 3663 862 3725 de
878 3663 965 3725 dioto
979 3663 1094 3727 barone
1116 3685 1215 3728 unam

69 3766 191 3822 cartam
216 3779 283 3822 esse
309 3759 413 3842 quieti
436 3760 476 3822 de
499 3763 585 3821 secta
610 3757 720 3821 debita
744 3758 926 3821 molendino
948 3761 988 3821 de
1012 3759 1151 3843 Vlgham
1175 3763 1215 3825 de

69 3857 159 3920 terris
174 3859 207 3919 et
230 3856 424 3919 tenementis
447 3855 513 3917 suis
534 3854 666 3917 ibidem.
712 3855 758 3916 Et
771 3855 909 3917 Thomas
926 3855 1012 3940 Gray
1027 3858 1217 3939 perquisivit

69 3953 108 4015 de
122 3952 234 4015 eodem
257 3951 374 4014 barone
397 3951 606 4013 medietatem
630 3949 716 4012 villae
737 3952 777 4012 de
792 3950 1006 4035 Doddyngton
1027 3975 1102 4016 eum
1116 3954 1216 4036 perti-

68 4048 199 4123 nenciis,
214 4066 279 4110 uon
293 4047 440 4110 obstante
463 4048 548 4128 quod
570 4046 741 4128 praedietus
755 4045 831 4108 baro
846 4068 918 4109 earn
933 4048 1048 4111 habuit
1069 4050 1104 4111 in
1126 4051 1218 4113 feodo

69 4142 205 4220 talliam,
220 4147 260 4205 ut
281 4163 377 4226 supra
399 4148 490 4225 patet
504 4141 553 4226 (p.
571 4140 651 4221 289)
677 4162 733 4223 per
755 4147 877 4204 cartam
893 4143 1071 4206 Willelmi²
1086 4146 1218 4209 Bumell

70 4239 208 4322 episeopi
223 4239 362 4302 Bathon.
386 4244 448 4301 eto.
494 4238 561 4300 Iste
577 4236 758 4300 Willelmus
774 4238 958 4301 victoriosus
973 4243 1007 4302 et
1021 4241 1056 4302 in
1070 4242 1217 4305 omnibus

221 4399 230 4431 ¹
249 4397 307 4451 The
319 4396 401 4451 stitoh
414 4396 489 4451 holes
501 4396 557 4449 still
570 4397 669 4451 romain
682 4397 712 4452 in
723 4396 770 4452 the
782 4396 832 4453 left
844 4396 913 4451 hand
927 4397 984 4452 side
996 4398 1028 4453 oi
1038 4399 1084 4455 the
1096 4400 1147 4455 roll

224 4476 236 4509 ²
254 4476 291 4532 So
303 4476 332 4531 in
344 4475 403 4531 MS.
415 4475 458 4530 lor
469 4473 614 4531 ‘liuberti'
