2940 5048
433 123 481 176 Da
507 122 601 176 NOVO
628 124 865 178 Moxassnmo,

64 291 227 371 Johanna,
244 292 430 384 willelmus
444 299 480 356 et
493 292 636 356 Mariota
650 299 685 357 et
700 296 768 357 her.
778 315 811 356 n.
821 295 919 378 praed.
937 295 1104 360 libertates
1126 297 1222 361 dictis

64 387 133 453 abb.
158 395 195 454 et
220 412 313 455 conv.
336 393 371 454 et
391 409 458 454 eor.
473 408 559 455 succ.
573 392 671 472 prout
686 389 813 474 plenius
827 394 924 475 praed.
941 399 990 456 est
1006 398 1118 457 contra
1133 414 1220 457 omn.

68 482 150 550 hom.
165 508 241 551 war.
286 487 450 552 Testibus.

128 681 306 761 Universis‚
321 684 385 744 etc.
408 681 572 745 Johannes
587 681 633 744 fil.
651 680 807 764 Stephani
822 684 862 746 de
876 683 1047 762 Thirnum,
1070 686 1217 748 salutern.
1262 754 1268 766 ‚
1291 690 1350 767 giij·

72 773 145 840 Nov.
161 798 217 840 me
232 799 292 861 pro
306 777 364 842 sal.
380 798 433 841 an.
448 799 492 840 m.
507 779 610 861 patris
625 799 669 840 m.
686 783 720 840 et
735 799 820 842 omn.
836 784 941 843 antec.
957 788 991 844 et
1006 781 1072 842 her.
1083 802 1127 842 rn.
1144 782 1216 844 ded.
1242 755 1345 808 summ

72 894 151 938 conc.
167 884 204 938 et
218 877 252 938 h.
268 896 300 958 p.
316 896 345 938 c.
361 895 405 937 m.
421 875 505 939 conf.
521 896 579 959 pro
595 896 648 937 me
664 879 698 937 et
718 878 785 938 her.
812 897 856 938 m.
881 878 916 939 in
943 883 1133 961 perpetuum
1149 878 1217 941 Deo
1241 825 1361 940 qgahqtfitlp
1442 952 1449 961 Ι

69 975 97 1033 et
107 972 146 1034 Β.
162 971 213 1034 Μ.
229 972 313 1035 Abb.
329 975 364 1035 et
379 971 477 1036 Conv.
493 970 555 1034 No.
572 971 640 1034 Mo.
656 975 691 1034 et
707 992 771 1033 eor.
789 992 873 1034 succ.
889 979 922 1034 et
934 973 1021 1036 hom.
1037 993 1061 1034 s.
1078 973 1215 1036 liberum
1240 956 1371 1074 {2⁶52}ss

67 1069 236 1131 transitum
252 1088 328 1131 cum
342 1068 532 1150 summagiis
547 1072 581 1130 et
596 1068 711 1131 averiis
726 1069 791 1130 suis
817 1089 875 1150 per
889 1072 993 1131 totam
1009 1075 1084 1133 terr.
1108 1092 1215 1133 meam

65 1168 151 1227 extra
175 1163 311 1228 bladum
335 1169 369 1227 et
392 1168 532 1247 pratum.
578 1165 723 1229 Concedo
749 1165 852 1226 eciam
878 1187 936 1247 pro
961 1187 1015 1229 me
1039 1172 1073 1229 et
1087 1167 1153 1229 her.
1169 1188 1214 1229 m.

64 1258 157 1323 dictis
182 1260 258 1324 abb.
274 1264 309 1324 et
319 1280 411 1324 conv.
426 1260 511 1344 quod
526 1261 650 1343 possint
665 1260 848 1343 disjungere
863 1262 957 1325 boves
972 1284 1043 1325 suos
1058 1267 1091 1325 et
1107 1266 1216 1326 averia

62 1377 116 1421 sua
140 1358 432 1440 quocienscumque
451 1358 627 1440 contigerit
650 1377 702 1420 eos
726 1377 801 1418 cum
826 1360 1014 1442 summagiis
1038 1366 1072 1421 et
1098 1361 1215 1423 averiis

61 1454 124 1517 suis
138 1475 159 1517 a
173 1474 265 1517 mora
275 1455 317 1516 de
333 1452 474 1537 Chiuyot
488 1453 641 1536 usquead
650 1452 850 1530 abbathiam,
859 1458 893 1516 et
902 1455 944 1516 ab
954 1455 1106 1518 abbathia
1115 1477 1215 1540 usque

60 1551 100 1615 ad
122 1570 250 1614 moram
275 1551 463 1634 praedictam
478 1551 653 1613 transitum
669 1550 772 1612 faeere
797 1571 892 1633 super
917 1557 1081 1633 pasturam
1107 1573 1214 1615 meam

59 1647 222 1730 praedictae
251 1646 340 1711 villae
364 1646 640 1730 qualitercumque
667 1648 894 1728 pertinentem.
962 1648 1041 1709 Ten.
1072 1654 1106 1710 et
1136 1648 1212 1711 hab.

58 1742 155 1826 praed.
171 1742 247 1806 abb.
262 1749 298 1807 et
312 1763 403 1806 conv.
427 1749 462 1806 et
481 1763 545 1805 eor.
562 1762 646 1805 suec.
662 1742 697 1804 in
712 1742 769 1805 lib.
785 1764 856 1825 pur.
872 1748 908 1806 et
921 1764 1011 1825 perp.
1028 1744 1068 1806 el.
1085 1745 1212 1806 dietum

36 1886 41 1895 .
57 1840 237 1903 transitum
251 1860 311 1923 per
323 1843 428 1902 totam
443 1843 563 1902 terram
578 1859 685 1902 meam
700 1844 734 1902 et
758 1837 1009 1921 disjunccionem
1033 1841 1212 1902 averiorum

58 1954 189 1999 anorum
203 1937 241 1999 in
254 1941 387 2018 pastura
400 1956 473 1999 mea
483 1941 581 2019 prout
596 1936 739 2019 superius
754 1936 881 2019 plenius
895 1936 1022 1999 dictum
1038 1942 1106 2012 est3
1131 1936 1213 1998 adeo

58 2031 160 2097 libere
183 2039 220 2096 et
245 2033 357 2115 quiete
379 2033 471 2095 sicud
495 2037 711 2095 antecessores
736 2033 802 2094 mei
826 2032 1019 2110 habuerunt,
1035 2033 1086 2095 vel
1100 2053 1160 2115 ego
1176 2038 1213 2095 et

58 2128 124 2192 her.
148 2149 195 2192 m.
221 2128 340 2192 habere
363 2130 539 2212 poterimus
565 2129 601 2190 in
616 2133 809 2212 perpetuum
824 2129 891 2190 sine
906 2129 1015 2210 aliqua
1030 2130 1210 2192 contradic-

57 2225 150 2289 cione
164 2227 233 2288 mei
247 2232 282 2288 et
296 2226 540 2308 perturbacione
553 2225 621 2288 ber.
636 2245 681 2286 m.
727 2225 771 2286 Et
787 2245 847 2306 ego
862 2225 885 2289 J
885 2225 937 2288 oh.
954 2230 986 2288 et
1001 2227 1067 2288 her.
1083 2226 1211 2289 dictum

56 2323 234 2386 transitum
258 2322 355 2386 dictis
381 2323 455 2386 abb.
484 2326 520 2386 et
543 2342 634 2384 conv.
658 2327 693 2384 et
714 2342 778 2385 eor.
795 2343 878 2384 succ.
891 2327 1004 2386 contra
1018 2343 1105 2386 omn.
1121 2325 1208 2386 horn.

55 2439 131 2483 war.
146 2423 182 2482 et
196 2418 261 2483 def.
276 2419 312 2481 in
326 2424 532 2503 perpetuum.
576 2417 617 2480 In
632 2416 724 2501 cujus
739 2417 786 2481 rei
801 2422 829 2481 t.

125 2610 376 2689 Universis‚ete.
398 2610 554 2674 Ricardus
563 2610 609 2674 fil.
631 2610 751 2693 Rogeri
761 2609 801 2672 de
813 2609 961 2694 Horsely‚
971 2613 1207 2678 salutemNov.
1266 2624 1336 2692 xiiij·

56 2728 111 2771 me
128 2728 187 2791 pro
205 2708 262 2772 sal.
283 2728 336 2772 an.
350 2710 452 2792 patris
470 2709 537 2771 mei
557 2712 592 2771 et
611 2726 699 2771 omn.
721 2712 825 2770 anteo.
842 2709 958 2772 ether.
974 2731 1018 2772 m.
1035 2711 1205 2774 dedconc.
1233 2693 1342 2809 gffl·

58 2811 93 2868 et
102 2805 137 2868 h.
145 2827 179 2890 p.
192 2826 221 2868 c.
232 2825 278 2868 m.
294 2807 377 2871 conf.
386 2826 444 2888 pro
458 2826 511 2868 me
526 2805 643 2868 ether.
658 2824 704 2867 m.
720 2805 756 2866 in
770 2813 963 2886 perpetuum
979 2807 1047 2870 Deo
1063 2813 1097 2870 et
1109 2807 1147 2870 B.
1157 2809 1206 2872 M.
1231 2833 1306 2888 grant
1318 2827 1352 2891 by

57 2900 141 2965 Abb.
150 2907 186 2964 et
196 2902 295 2967 Conv.
305 2901 388 2964 Novi
399 2903 488 2965 Mon.
500 2906 534 2964 et
543 2922 609 2965 eor.
621 2921 704 2963 succ.
716 2905 751 2963 et
763 2901 849 2963 hom.
862 2922 886 2964 s.
906 2900 1129 2986 (transitum)
1149 2924 1206 2985 per
1231 2891 1285 3005 ἐξ·
1298 2892 1333 3004 ff}

55 3016 143 3061 omn.
158 3001 234 3061 terr.
250 3018 294 3060 m.
310 3002 401 3060 extra
415 2997 549 3061 bladum
564 3003 598 3060 et
614 3001 755 3081 pratum,
773 2998 832 3058 viz.
849 3017 907 3078 per
922 3018 1009 3060 omn.
1025 3002 1087 3060 ter.
1104 3020 1148 3060 m.
1164 3000 1205 3062 de
1231 2971 1348 3088 Haila}

56 3093 219 3156 Thimum
234 3093 323 3156 etde
338 3093 496 3157 Aldenfel.
528 3093 672 3157 Concedo
683 3094 785 3156 eciam
796 3113 852 3174 pro
863 3112 916 3154 me
925 3099 958 3155 et
969 3093 1035 3154 her.
1051 3114 1094 3154 m.
1111 3094 1207 3156 dictis

56 3189 130 3253 abb.
139 3196 175 3254 et
186 3210 277 3254 conv.
289 3195 324 3253 et
335 3191 422 3254 hom.
438 3211 464 3254 s.
479 3190 515 3252 in
530 3188 590 3253 lib.
605 3210 677 3272 pur.
688 3196 724 3252 et
739 3209 829 3271 perp.
846 3188 886 3250 el.
903 3187 987 3270 quod
1002 3189 1126 3270 possint
1141 3189 1208 3252 dis·

51 3286 193 3371 jungere
208 3291 242 3349 et
257 3307 385 3370 pascere
396 3286 491 3350 boves
506 3306 578 3349 suos
592 3291 627 3349 et
637 3287 745 3348 averia
756 3306 813 3347 sua
822 3305 915 3366 super
924 3290 1088 3366 pasturam
1099 3305 1207 3348 meam

56 3403 130 3467 quaa
144 3388 276 3446 vocatur
292 3383 555 3454 Adelardesdene‚
571 3383 861 3465 quocienscumque
876 3381 1052 3463 contigerit
1065 3402 1117 3444 eos
1132 3402 1208 3443 cum

56 3481 249 3564 summagiis
262 3484 297 3543 et
319 3480 412 3565 (ath)
438 3479 554 3543 averiis
575 3481 641 3542 suis
664 3499 684 3540 a
705 3498 796 3541 mora
820 3477 860 3540 de
888 3476 1020 3541 Chiuiot
1034 3499 1135 3561 usque
1164 3479 1206 3541 ad

56 3575 245 3639 abbathiam
254 3580 288 3638 et
298 3577 340 3639 ab
348 3577 502 3639 abbathia
509 3574 659 3658 usquead
670 3594 793 3636 moram
805 3573 903 3656 praed.
913 3575 1207 3638 transitumfacere.

54 3672 137 3735 Ten.
153 3677 188 3735 et
201 3671 276 3735 hab.
291 3672 371 3736 dict.
386 3672 459 3735 abb.
475 3676 509 3735 et
523 3692 609 3734 mon.
626 3674 660 3733 et
674 3688 738 3733 eor.
754 3690 839 3733 suec.
856 3673 889 3731 et
904 3670 991 3732 hom.
1007 3690 1032 3732 s.
1048 3672 1083 3732 in
1099 3671 1156 3733 lib.
1172 3678 1207 3733 et

54 3788 147 3850 perp.
170 3768 213 3830 el.
236 3768 361 3831 dictum
383 3769 557 3831 transitum
579 3787 637 3850 per
658 3785 744 3829 omn.
767 3771 867 3828 terras
889 3786 975 3828 meas
997 3787 1150 3848 praenom.
1173 3772 1207 3830 et

55 3863 311 3946 disjunccionem
332 3866 511 3928 averiorum
533 3884 664 3927 suorum
687 3864 723 3924 in
756 3867 887 3945 pastura
916 3881 989 3924 mea
1021 3865 1208 3946 praescripta

54 3964 154 4043 prout
169 3961 313 4043 superius
328 3959 453 4043 plenius
468 3961 668 4022 dictumest.
713 3958 757 4021 Et
778 3978 838 4041 ego
853 3956 1008 4020 Ricardus
1023 3958 1069 4020 fil.
1088 3958 1207 4042 Rogeri

54 4056 98 4119 de
113 4054 251 4140 Horsely
276 4060 312 4120 et
335 4057 402 4119 her.
425 4077 470 4119 m.
486 4057 613 4118 dictum
628 4055 802 4118 transitum
817 4053 913 4115 dictis
928 4053 1001 4117 abb.
1016 4059 1050 4117 et
1065 4075 1155 4118 conv.
1172 4062 1207 4119 et

54 4173 122 4215 eor.
138 4172 221 4214 succ.
237 4155 271 4214 et
286 4153 373 4216 hom.
389 4172 413 4214 s.
429 4158 587 4234 quantum
603 4151 746 4234 pertinet
761 4149 802 4212 ad
817 4168 874 4211 nos
888 4155 1001 4213 contra
1015 4171 1102 4214 omn.
1118 4152 1206 4217 hom.

56 4269 134 4312 war.
149 4269 220 4331 acq.
235 4254 270 4312 et
283 4244 398 4312 def.'in
415 4253 616 4331 perpetuum.
663 4247 704 4308 In
720 4245 811 4329 cujus
825 4245 881 4309 rei.
929 4246 1088 4313 Testibus.

656 4355 684 4405 M
