2940 5048
452 323 499 377 DE
522 324 618 378 NOVO
644 325 879 380 uonnsruaw.

75 491 288 556 sanabuntur
298 491 396 575 juxta
409 492 512 556 dictas
526 493 549 577 ij
561 515 660 574 acras,
672 496 761 558 sicud
776 496 845 577 ipsa
857 516 945 578 sepes
957 497 1126 575 condonat,
1138 516 1235 578 quam

77 591 169 672 prius
188 589 309 652 fecerat
324 589 431 652 dictus
450 589 615 653 Johannes
633 593 789 674 incipiens
809 613 849 654 611
867 598 957 675 parte
972 592 1147 675 aquilonali
1167 592 1236 653 dic-

78 692 188 749 tarum
198 685 336 748 duarum
347 691 543 762 acrarum,et
551 688 759 750 extendentes
768 708 801 750 se
810 709 917 750 versus
927 690 1093 751 orientem.
1109 688 1237 750 Habet

79 789 148 846 teu.
161 782 250 845 dicto
261 781 354 843 fiatri
366 781 500 865 Hugoni
511 788 545 845 61
556 785 784 846 successoribus
793 785 826 845 in
839 804 907 866 pur.
916 789 950 846 et
958 804 1047 866 perp.
1058 783 1099 844 el.
1105 783 1161 845 lib.
1168 783 1235 865 qui.

82 877 217 962 pacifice
232 876 324 939 sicud
338 877 449 959 aliqua
463 877 502 939 el.
519 878 590 940 dari
605 884 712 961 potest
726 879 858 942 liberius
870 885 903 942 61
913 879 1049 962 plenius,
1064 900 1139 941 cum
1149 898 1235 941 omn.

82 975 202 1058 pertin.
218 973 294 1035 suis.
340 971 488 1036 Concessi
502 975 605 1036 eciam
620 976 740 1037 eisdem
755 995 851 1037 omne
865 976 1078 1037 asiamenturn
1094 975 1178 1058 quod
1194 973 1235 1036 ad

85 1069 198 1133 villam
214 1069 254 1131 (16
269 1068 407 1131 Kesteru
429 1071 580 1151 pertinet,
596 1075 630 1133 et
645 1070 729 1153 quod
750 1073 855 1133 averia
877 1064 1007 1152 propria
1028 1089 1236 1154 quaecumque

87 1164 188 1228 habet
210 1166 279 1246 ipse
302 1165 401 1226 frater
421 1164 531 1246 Hugo,
546 1172 580 1228 et
597 1171 814 1248 quotcumque
837 1166 954 1229 habere
968 1169 1088 1248 poterit
1103 1168 1171 1249 ipse
1186 1165 1237 1227 vel

86 1280 281 1325 successores
290 1261 341 1323 sui
349 1262 729 1344 pascantur,ubicumque
738 1264 919 1325 averiamea
929 1265 1055 1345 propria
1064 1269 1238 1344 pascuntur

87 1358 137 1421 vel
152 1359 241 1441 pasci
263 1362 418 1440 poterunt
439 1357 479 1420 de
496 1357 582 1440 jure,
598 1358 731 1434 scilicet,
747 1379 785 1421 ex
800 1363 935 1441 utraque
951 1365 1042 1440 parte
1064 1360 1104 1421 de
1122 1358 1237 1423 Coket.

87 1455 234 1520 concessi
258 1455 362 1515 eciam
386 1454 492 1516 eidem
513 1461 548 1516 et
570 1455 800 1516 successoribus
825 1456 889 1516 suis
913 1475 1008 1517 omne
1023 1457 1236 1518 asiamentum

86 1551 171 1634 quod
185 1550 228 1613 ad
244 1549 356 1612 villam
371 1551 412 1612 de
428 1550 565 1613 Kssteru
581 1551 722 1631 pertinet
737 1551 771 1611 in
787 1552 894 1629 moris,
903 1552 937 1612 in
950 1552 1021 1628 viis,
1037 1553 1071 1613 in
1087 1552 1238 1633 pasturis,

87 1649 123 1710 iu
137 1647 244 1725 bosco,
255 1647 290 1708 in
311 1646 459 1728 plan0,in
481 1648 616 1722 semitis,
631 1653 665 1708 61
681 1648 715 1707 in
731 1647 878 1709 omnibus
901 1647 973 1709 aliis
996 1646 1074 1709 locis
1097 1647 1182 1709 villae
1197 1648 1237 1708 (16

90 1744 131 1806 K.
147 1742 410 1825 congruentibus.
455 1742 549 1804 Hanc
572 1748 684 1804 autem
708 1742 929 1819 donacionem,
947 1745 1181 1805 concessionem
1205 1749 1239 1804 et

89 1845 187 1902 curtae
201 1858 283 1901 meae
297 1837 577 1900 confirmacionem
592 1858 651 1921 ego
666 1838 830 1902 Johaunes
845 1845 880 1901 et
895 1840 962 1900 ber.
978 1860 1022 1902 m.
1038 1840 1125 1902 dicto
1147 1839 1238 1899 fratri

90 1935 225 2016 Hugoni
248 1938 282 1997 et
301 1935 531 1996 successoribus
550 1935 614 1996 suis
629 1943 742 1996 contra
764 1955 873 1996 omnes
896 1935 1039 1996 homines
1055 1941 1087 1994 et
1104 1922 1240 1995 feminas

90 2032 124 2093 iu
134 2035 331 2113 perpetuum
345 2030 602 2092 warantabimus.
640 2029 685 2091 Et
697 2035 734 2091 ut
746 2030 813 2092 haec
829 2051 901 2092 mea
915 2030 1059 2103 donacio,
1069 2030 1239 2106 concessio,

90 2133 124 2189 et
138 2134 237 2188 cartae
252 2146 333 2189 meaa
355 2126 439 2189 conf.
454 2126 549 2188 robur
568 2127 714 2207 optineat
729 2128 763 2187 in
779 2132 973 2208 perpetuum
988 2125 1087 2207 sigilli
1098 2126 1164 2185 mei
1178 2126 1239 2184 im-

91 2224 252 2305 pressione
267 2242 339 2284 eam
351 2221 507 2300 roboravi,
516 2222 569 2283 (116
583 2220 752 2283 Dominica
762 2223 908 2302 proxima
920 2227 992 2302 post
1002 2221 1239 2282 conversionem
1262 2232 1373 2289 111117,

92 2319 204 2383 sanos
231 2318 325 2380 saun
353 2338 438 2380 anno
469 2318 560 2400 regu
587 2318 684 2400 nega
710 2318 845 2379 irenaei
873 2317 933 2379 filu
959 2317 1056 2399 aega
1082 2317 1240 2379 Johannis
1264 2313 1315 2350 *³³-
1327 2301 1398 2353 1²⁴⁷·

92 2415 257 2478 tricesimo
270 2414 385 2496 primo.

159 2605 330 2685 Omnibus,
353 2610 415 2668 etc.
439 2605 553 2668 Frater
576 2606 674 2689 Hugo
697 2607 856 2669 heremita
879 2608 918 2669 (16
940 2606 1166 2690 Meyndenley‚
1183 2606 1239 2668 sal.
1318 2606 1365 2695 *ζ

91 2704 257 2767 Noveritis
280 2724 333 2764 me
348 2702 419 2765 ded.
437 2722 527 2764 conc.
542 2706 576 2765 et
592 2723 624 2785 p.
641 2724 668 2766 c.
684 2724 728 2765 m.
744 2704 827 2765 conf.
844 2703 911 2766 Deo
934 2710 968 2766 et
991 2704 1029 2766 Β.
1044 2703 1092 2766 Μ.
1109 2704 1191 2765 Abb.
1207 2708 1241 2764 61
1266 2677 1348 2780 qma
1359 2730 1388 2778 os

91 2821 179 2862 mon.
195 2799 282 2861 Novi
297 2798 388 2861 Mon.
402 2804 435 2860 et
450 2818 562 2860 eorum
576 2799 806 2861 successoribus
822 2799 928 2861 locum
944 2800 984 2862 (16
1000 2800 1192 2883 Meydenley
1207 2806 1240 2861 et
1265 2796 1386 2860 1¹5⁸th

92 2903 199 2959 totam
224 2899 345 2957 terram
370 2914 467 2976 quam
494 2894 593 2956 habui
619 2895 655 2956 in
682 2896 844 2956 territorio
868 2896 908 2957 (16
933 2897 1071 2958 Kesteru
1095 2895 1240 2957 (16(16116
1265 2860 1417 2990 ffifflg

92 2995 114 3057 J
116 2994 253 3056 ohannis
268 2992 329 3054 filii
345 2992 367 3054 J
368 2992 503 3053 ohannis
517 2991 558 3052 de
574 2991 710 3053 Kestem
727 2993 761 3054 in
776 3013 848 3075 pur.
864 2999 897 3055 61
913 3014 1001 3076 pcrp.
1018 2993 1059 3056 el.
1106 2993 1191 3056 Hah.
1208 2997 1241 3055 61
1265 2994 1291 3042 in
1304 2992 1373 3042 osis

94 3098 162 3152 ten.
179 3089 301 3151 eisdem
315 3088 388 3150 abb.
405 3094 439 3150 ct
460 3108 546 3149 mon.
562 3092 597 3149 et
619 3108 685 3151 eor.
701 3110 831 3152 success.
848 3097 886 3151 ut
908 3090 1135 3152 successoribus
1151 3091 1241 3166 meis,
1264 3059 1403 3186 ffihbihc

94 3191 166 3248 tam
181 3185 283 3247 libere
306 3185 414 3265 quiete
436 3183 568 3266 pacifice
583 3186 618 3245 et
632 3185 804 3247 honorifice
820 3206 894 3246 cum
909 3205 994 3245 omn.
1010 3185 1067 3246 lib.
1083 3191 1116 3246 et
1131 3187 1241 3247 asiam.
1266 3188 1365 3240 hermia

95 3282 238 3365 pasturis
253 3285 287 3343 et
309 3300 393 3343 omn.
411 3281 527 3362 pertin.
543 3281 608 3341 suis
627 3281 716 3342 sicud
741 3281 923 3342 continetur
938 3281 971 3340 in
995 3286 1083 3341 carta
1097 3281 1243 3361 praedicti

96 3377 256 3442 Johannis
272 3395 369 3457 quam
384 3376 508 3457 abipso
524 3395 621 3457 penes
635 3396 688 3438 me
702 3377 812 3437 habui.
858 3374 960 3448 Quam
977 3376 1107 3457 quidem
1123 3381 1244 3437 cartam

95 3473 193 3536 dictis
209 3471 282 3534 abb.
298 3472 332 3532 et
347 3490 434 3532 mou.
450 3470 583 3546 tradidi,
598 3477 637 3532 ut
652 3472 715 3552 ipsi
731 3477 764 3534 61
780 3491 970 3533 successores
986 3492 1096 3533 eorum
1117 3472 1152 3532 111
1174 3491 1246 3553 pos-

96 3571 268 3632 sessionem
283 3568 379 3630 dictas
394 3572 490 3630 161116
504 3587 580 3628 611111
595 3569 711 3650 pertin.
727 3569 809 3630 mibi
832 3569 896 3630 sint
918 3588 1109 3631 successores
1124 3568 1158 3629 in
1174 3587 1246 3650 per-

97 3673 246 3749 petuum.
293 3664 332 3725 In
348 3663 440 3745 cujus
454 3663 511 3724 rei.

170 3855 339 3931 Omnibus,
369 3814 431 3918 etc.
469 3855 571 3917 Lucas
609 3855 791 3936 capellanus
828 3856 869 3917 de
899 3856 1068 3937 Rothbiry,
1098 3855 1245 3917 salutem.
1320 3872 1376 3940 xvj·

103 3953 268 4017 Noveritis
280 3972 332 4013 me
343 3950 514 4031 inspexisse
526 3955 647 4011 cartam
662 3950 811 4032 Hugonis
826 3952 991 4014 heremitae
1003 3953 1042 4014 de
1054 3951 1248 4033 Maydenley
1272 3941 1386 4057 fflff·

103 4054 138 4115 iu
154 4053 224 4113 haec
246 4048 353 4124 verba,
369 4049 443 4110 vide
462 4048 619 4129 superius,
634 4055 692 4112 a⁰⁰.
739 4046 836 4133 (rab)
859 4049 964 4123 Quam
980 4050 1111 4131 quidem
1125 4055 1247 4112 cartam
1271 4072 1410 4123 chorsaros

101 4149 197 4210 dictis
213 4145 294 4207 Abb.
311 4150 345 4206 et
360 4165 446 4206 111611.
463 4144 582 4206 tradidi
603 4148 641 4204 ut
656 4145 718 4225 ipsi
739 4151 774 4207 et
793 4165 856 4206 eor.
873 4166 1062 4207 successores
1077 4147 1111 4206 in
1126 4166 1245 4228 posses.
1272 4139 1350 4215 1111111
1361 4138 1406 4188 cho

99 4246 188 4306 sione
214 4241 311 4303 dictas
336 4245 430 4302 terrae
457 4259 532 4301 cum
558 4240 675 4321 pertin.
700 4241 781 4301 mibi
807 4241 873 4301 sint
899 4260 1089 4303 successores
1114 4242 1149 4303 in
1176 4261 1248 4323 per-
1271 4205 1418 4320 quqthy

99 4344 246 4423 potuum,
262 4336 352 4419 cujus
366 4342 476 4398 tenore
500 4337 657 4417 inspecto,
673 4336 714 4397 ad
730 4337 922 4417 peticionem
941 4337 1084 4419 ejusdem
1100 4338 1248 4420 Hugonis
1272 4336 1390 4401 chaplain
1397 4334 1427 4384 01

102 4436 189 4510 dedi,
205 4433 344 4509 reddidi,
360 4432 499 4496 relaxavi
523 4439 557 4495 et
581 4432 728 4514 quietum
752 4432 889 4494 clamavi
914 4453 971 4516 pro
995 4441 1103 4498 meet
1128 4456 1249 4498 succes·
1274 4403 1416 4466 mmm·
