2940 5048
433 347 482 401 DE
505 347 600 401 NOVO
625 346 860 400 uonlsnnaro.

64 515 198 581 Matild'
213 517 296 581 dicti
305 538 308 543 ’
317 517 471 580 monachi
494 516 615 579 facient
637 516 842 579 commodum
857 535 952 577 suum
968 519 1003 576 et
1018 515 1221 577 voluntatem

65 613 107 677 de
121 613 280 697 praedicto
301 613 386 675 tofto
402 617 439 675 et
453 611 599 676 adificiis
614 633 688 674 cum
706 612 917 694 pertinenciis
939 612 1009 673 sine
1032 612 1121 672 omni
1146 630 1221 671 con·

65 708 196 773 dicione
223 713 257 771 et
281 709 517 791 impedimento
543 707 761 790 cujuscunque
788 707 928 769 viventis
954 707 1221 788 qualitercunque

67 806 114 868 eis
135 805 310 889 placuerit,
331 810 367 869 et
388 806 494 888 magis
520 804 584 867 sibi
609 805 753 867 viderint
779 803 942 886 expedire.
988 802 1029 865 In
1056 801 1146 884 cujus
1172 802 1221 865 rei

69 902 306 966 testimonium.

138 1093 304 1157 Universis
319 1093 359 1156 ad
381 1113 470 1175 quos,
485 1096 546 1156 etc.
568 1092 684 1155 Petrus
707 1090 793 1153 filius
808 1091 981 1173 Reginaldi
996 1089 1036 1153 de
1052 1089 1219 1173 Morpath,
1290 1094 1351 1172 vij-n

70 1190 219 1255 alutem.
264 1188 348 1252 Nor.
360 1208 413 1251 mc
427 1189 584 1251 remisisse
599 1192 633 1250 et
648 1207 772 1269 prome
787 1192 821 1249 et
835 1186 903 1250 her.
915 1207 959 1249 m.
974 1187 1011 1247 in
1026 1192 1218 1268 perpetuum
1242 1163 1378 1293 &gfff

70 1288 220 1369 quietum
242 1284 395 1347 clamasse
410 1284 526 1348 Decet
541 1285 579 1346 Β.
596 1283 643 1346 Μ.
659 1289 693 1345 et
707 1304 771 1345 mo.
787 1282 870 1345 Novi
892 1283 981 1345 Mon.
999 1281 1082 1344 illud
1097 1283 1218 1345 toftum
1242 1311 1286 1344 son
1299 1294 1380 1344 ottho

70 1401 146 1444 cum
161 1379 307 1445 aedificiis
318 1384 353 1442 et
366 1400 452 1442 omn.
462 1379 536 1442 aliis
546 1379 755 1462 pertinenciis
765 1379 850 1460 quod
861 1378 982 1441 habent
992 1377 1033 1440 de
1044 1378 1127 1441 dono
1136 1379 1218 1441 dicti
1241 1361 1329 1411 above.

71 1475 248 1560 Baginaldi
263 1477 364 1558 patris
378 1477 454 1553 mei,
466 1480 562 1559 prout
576 1480 664 1536 carta
679 1474 821 1557 ejusdem
837 1478 984 1551 testatur,
998 1474 1048 1537 ita
1064 1474 1149 1556 quod
1160 1493 1219 1536 nec

71 1592 132 1657 ego
146 1592 208 1636 nec
222 1571 304 1635 alius
312 1572 380 1634 ber.
391 1592 436 1633 m.
445 1571 577 1653 aliquod
587 1570 641 1653 jus
652 1575 710 1632 aut
725 1569 879 1633 clamium
895 1570 929 1631 in
938 1569 1036 1652 praed.
1046 1570 1129 1632 tosto
1145 1591 1219 1632 cum

71 1669 191 1751 pertin.
205 1668 247 1732 dc
260 1673 377 1732 caetero
391 1668 559 1730 vendicare
574 1666 750 1750 poterimus
765 1664 816 1729 vel
835 1666 952 1728 habere
967 1667 1002 1727 in
1017 1670 1220 1748 perpetuum.

72 1763 113 1826 In
127 1763 221 1848 cnjus
233 1764 292 1826 rei.

138 1954 295 2018 Ricardus
323 1924 542 2037 carpentarius
571 1955 612 2019 de
642 1955 806 2037 Morpath,
829 1959 984 2018 aetemam
1015 1955 1050 2016 in
1081 1953 1221 2016 Domino
1245 1961 1362 2011 lodessa-

71 2048 223 2116 salntem.
266 2050 346 2114 Nou.
362 2070 415 2113 me
430 2070 517 2114 conc.
534 2056 568 2115 et
582 2052 624 2114 ad
638 2051 726 2114 feodi
748 2050 876 2113 firmam
897 2050 1056 2112 dimisisse
1077 2050 1219 2111 Henrico
1246 2033 1303 2143 ’ὥ
1314 2092 1343 2143 of

71 2147 113 2211 de
127 2148 295 2211 Thomton
317 2147 433 2210 clerico
448 2167 547 2210 unam
569 2148 681 2210 rodam
704 2153 797 2211 terrae
819 2146 1012 2210 edificatam
1031 2147 1067 2208 in
1087 2145 1166 2208 villa
1181 2145 1221 2208 de
1246 2158 1361 2208 houscin

71 2242 230 2327 Morpath
251 2244 287 2306 in
299 2244 384 2322 rico,
398 2244 456 2325 qui
474 2242 596 2305 dicitur
618 2243 758 2326 Neugat,
780 2263 850 2326 quae
872 2243 1004 2325 quidem
1027 2242 1105 2305 roda
1126 2246 1222 2305 terrae
1246 2225 1404 2355 fflffi'rd

67 2338 160 2421 jacet
177 2341 265 2403 inter
283 2345 405 2403 terram
419 2339 551 2402 Thomae
566 2339 707 2414 Facoun,
722 2359 796 2421 quae
812 2344 861 2400 est
876 2339 911 2399 in
926 2342 1019 2420 parte
1033 2337 1222 2420 aquilonali,
1247 2356 1289 2406 the
1302 2372 1344 2406 car

71 2439 106 2498 et
116 2435 279 2518 quandam
291 2435 390 2498 aliam
403 2434 513 2515 rodam
529 2439 633 2512 terrac,
644 2454 742 2516 quam
754 2434 914 2516 quondam
927 2432 1058 2496 vendidi
1070 2434 1222 2511 Henrico,
1245 2428 1380 2552 ἓξὲξ

69 2552 146 2617 quae
159 2536 211 2595 est
224 2532 260 2593 in
273 2538 367 2615 parte
380 2530 523 2594 australi.
568 2531 647 2593 Ten.
663 2536 698 2594 et
712 2531 786 2593 hab.
802 2530 890 2591 dicto
905 2529 1049 2591 Henrico
1063 2538 1098 2593 et
1113 2529 1179 2592 her.
1196 2550 1220 2593 s.
1246 2554 1381 2611 bromton,

70 2628 126 2692 vel
146 2629 263 2711 maign
279 2628 315 2690 in
330 2626 424 2690 feodo
445 2632 480 2690 ct
502 2626 694 2703 hereditate,
709 2625 746 2689 li.
763 2626 829 2708 qui.
848 2625 927 2688 bene
942 2626 1025 2687 etin
1040 2646 1131 2708 pace,
1146 2647 1222 2688 cum
1245 2620 1320 2671 clara

71 2743 157 2788 omn
173 2722 283 2787 libet
302 2724 414 2786 asiam.
435 2722 477 2785 ad
499 2721 598 2805 praed.
622 2726 699 2785 terr.
721 2720 987 2804 qualitercunque
1008 2722 1128 2803 pertin.
1151 2722 1223 2784 red·

71 2819 177 2883 dendo
199 2817 277 2883 inde
298 2818 467 2881 annuatim
486 2822 559 2901 post
580 2816 745 2880 decessum
766 2836 877 2879 meum
898 2816 972 2879 abb.
995 2821 1028 2878 et
1050 2837 1115 2879 mo.
1136 2816 1222 2879 Novi

71 2914 165 2978 Mon.
180 2920 217 2978 et
237 2912 420 2997 specialiter
443 2914 617 2976 conventui
638 2912 675 2973 in
697 2912 886 2974 memoriam
910 2913 1029 2974 animae
1052 2932 1133 2975 meae
1156 2916 1222 2975 tres

72 3009 193 3073 solidos
202 3008 245 3072 ad
255 3008 279 3092 ij
292 3010 459 3086 terminos,
468 3008 680 3073 medietatem
691 3008 733 3072 ad
744 3007 956 3069 Pentecosten
966 3012 1000 3070 et
1011 3007 1222 3069 medietatem

72 3104 114 3168 ad
130 3105 250 3168 festum
271 3103 384 3169 Sancti
406 3104 544 3167 Martini
566 3104 602 3167 in
624 3104 749 3186 hyeme,
772 3102 919 3165 faciendo
939 3103 1075 3165 servicia
1089 3102 1221 3165 domino

72 3201 160 3266 feodi
178 3205 214 3265 et
227 3200 315 3264 villae
329 3200 371 3263 de
384 3199 538 3282 Morpath
562 3203 722 3281 quantum
746 3199 898 3280 pertinet.
943 3198 1007 3259 Pro
1029 3196 1089 3259 hac
1111 3202 1221 3259 autem

72 3296 275 3361 conoessionc
289 3300 325 3360 et
338 3294 586 3358 confirmacione
605 3294 696 3358 dedit
716 3293 800 3356 mihi
821 3294 928 3356 dictus
943 3292 1105 3353 Henricus
1120 3311 1221 3373 quan·
1245 3315 1342 3380 nordy-

71 3392 148 3455 dam
168 3410 330 3455 summam
353 3392 498 3473 pecuniae
512 3410 579 3473 prae
602 3389 762 3452 manibus.
807 3388 854 3450 Et
875 3408 935 3470 ego
955 3387 1026 3448 Ric.
1043 3391 1077 3449 et
1091 3388 1159 3449 her.
1174 3408 1219 3451 m.
1244 3397 1332 3446 money
1342 3397 1401 3446 W·

71 3486 195 3551 dictam
210 3490 330 3550 terram
352 3506 427 3548 cum
447 3486 578 3567 pertin,
600 3484 692 3547 sicud
714 3485 906 3567 praedictum
931 3486 992 3560 est,
1019 3482 1161 3545 Henrico
1185 3488 1220 3546 et
1244 3456 1318 3498 ment.

70 3582 180 3647 bered.
194 3582 248 3646 vel
261 3583 380 3665 assign.
396 3586 506 3645 contra
520 3600 630 3644 omncs
644 3600 718 3642 war.

137 3772 237 3861 (sot)
267 3772 436 3852 Omnibus,
465 3776 528 3836 etc.
551 3772 707 3835 Ricardus
732 3773 952 3854 carpentarius
981 3771 1022 3834 de
1051 3770 1217 3853 Morpath,
1302 3784 1341 3834 ix·

70 3870 221 3933 salutem.
266 3869 349 3932 Nov.
365 3889 418 3931 me
440 3888 497 3952 pro
519 3888 564 3930 sa.
579 3887 631 3930 an.
647 3887 691 3928 m.
708 3871 742 3928 et
756 3886 842 3929 omn.
858 3872 963 3929 antec.
979 3888 1023 3929 m.
1039 3866 1112 3930 ded.
1127 3886 1215 3928 conc.
1240 3849 1401 3912 Bffloehffl

71 3970 107 4029 et
129 3965 163 4028 h.
178 3985 211 4048 p.
227 3986 255 4027 c.
271 3964 356 4029 conf.
372 3964 491 4027 Decet
510 3962 549 4026 B.
566 3960 617 4026 M.
632 3961 703 4025 abb.
722 3966 757 4024 et
771 3981 832 4025 mo.
847 3962 931 4023 Novi
947 3962 1036 4023 Mon.
1053 3961 1216 4023 redditum
1240 3916 1328 4033 30ἶο

69 4059 172 4121 trium
195 4058 370 4123 solidorum
393 4059 428 4120 in
452 4056 532 4121 villa
551 4057 591 4119 de
611 4057 776 4140 Morpath,
791 4058 831 4119 de
851 4058 989 4139 quadam
1008 4056 1103 4119 domo
1127 4057 1162 4118 in
1187 4058 1218 4120 le

70 4154 213 4238 Nengat,
223 4174 325 4236 quam·
337 4153 468 4216 vendidi
483 4152 625 4217 Henrico
636 4152 751 4215 clerico
763 4153 803 4215 de
813 4154 979 4214 Thorntcn
995 4173 1052 4234 pro
1062 4153 1218 4234 praedicta

70 4249 165 4313 firma
179 4251 277 4313 dictis
292 4250 457 4313 monachis
480 4251 648 4313 annuatim
666 4250 701 4311 in
719 4253 911 4332 perpetuum
934 4247 1096 4327 solvendo,
1112 4254 1146 4310 et
1160 4270 1218 4332 pro

67 4344 209 4429 quadam
224 4364 352 4408 summa
364 4345 510 4428 pecuniae
525 4365 621 4427 quam
637 4345 724 4407 idem
749 4344 909 4407 Henricus
929 4344 1009 4406 mihi
1036 4343 1127 4407 dedit
1154 4366 1219 4428 prae

67 4441 221 4507 manibus
244 4444 343 4523 prout
365 4441 594 4524 cirographum
617 4440 692 4503 inde
713 4441 798 4503 inter
814 4459 872 4502 nos
887 4439 1068 4504 confectum
1092 4442 1219 4524 plenius

624 4551 674 4597 aa
