2940 5048
724 338 919 391 Arsnnnlx.

245 514 449 596 doepmnrit
475 509 627 572 dominus
650 507 809 571 Robertus
835 507 877 571 de
892 508 1114 585 Somerville;
1138 515 1173 573 et
1197 512 1232 574 in
1247 512 1291 574 eis
1303 512 1383 577 dirisi

247 612 311 673 fuit
327 610 460 672 baronis
474 607 515 670 de
529 605 680 688 bieriny.¹
1100 649 1106 660 ·

314 793 507 876 Ranulpbus
520 791 562 854 de
576 789 705 874 bierlny
714 789 837 875 junior.

315 978 403 1040 Item
417 998 476 1061 pru
488 977 600 1039 anima
613 974 763 1059 Philippi
777 974 818 1038 de
832 975 1019 1040 Somervill.

315 1162 407 1224 wilt
423 1161 572 1224 Bertrnm
586 1160 666 1222 baro
679 1159 721 1222 de
736 1161 884 1236 nfitford,
895 1161 953 1242 qui
969 1161 1065 1224 dedit
1076 1160 1173 1223 nobis
1188 1166 1307 1224 taerram
1321 1164 1392 1226 inter

248 1260 438 1321 abbathiam
451 1270 486 1319 et
502 1256 652 1319 Mitiord.
685 1256 832 1341 Bogerus
848 1257 1011 1335 Bertram‚
1021 1257 1113 1320 filius
1124 1258 1208 1340 ejus,
1217 1261 1272 1341 qui
1284 1261 1392 1342 primus

248 1357 376 1418 dimisit
392 1356 486 1417 nobis
499 1354 541 1416 nd
556 1354 686 1416 firmam
699 1355 851 1437 grangias
865 1354 906 1417 de
922 1354 1056 1436 Heylnu
1079 1359 1115 1418 et
1138 1354 1180 1418 de
1198 1356 1352 1433 Hortum,
1364 1364 1393 1419 et

250 1468 377 1537 partem
393 1452 521 1514 Peterie
536 1449 645 1535 (uici¹
689 1451 760 1512 Adn
775 1451 936 1527 Bertram‚
951 1472 1031 1512 uxor
1046 1451 1130 1534 ejus,
1147 1452 1242 1514 wilt
1257 1453 1391 1516 Bertrnm

249 1550 421 1623 anundus,
436 1549 581 1631 Rogems
595 1548 745 1610 Bertrnm
759 1547 927 1622 secundus,
951 1547 1097 1631 Rogatus
1113 1549 1265 1611 Bertram
1279 1552 1392 1628 turtius,

249 1649 307 1727 qui
335 1645 481 1707 vendidit
508 1643 602 1706 nobis
631 1645 787 1726 praedicta
810 1642 881 1705 loca
905 1664 946 1704 ex
975 1645 1119 1726 integro,
1150 1665 1228 1707 cum
1258 1647 1393 1709 omnibus

251 1743 457 1824 sustinentiis
486 1743 554 1802 suis
582 1741 641 1823 qui
670 1741 771 1801 etiam
800 1738 1006 1801 confirmarit
1035 1740 1129 1802 nobis
1165 1743 1334 1824 grangiam
1360 1743 1393 1804 de

251 1838 447 1913 Alienonh,
470 1857 570 1919 quam
594 1836 689 1897 nobis
713 1835 860 1896 vendidit
885 1834 1005 1898 Petrus
1030 1837 1190 1913 sacerdos,
1216 1837 1302 1900 filius
1326 1839 1392 1902 Joh.

250 1935 413 2017 qunndnm
427 1952 569 2016 pemnae
583 1931 625 1995 de
639 1931 786 1994 Mitiord.

317 2119 476 2180 Dominus
497 2115 678 2180 Eremrdus
699 2115 741 2179 de
762 2114 837 2192 Ros,
859 2115 916 2197 qui
938 2116 1032 2179 nobis
1060 2117 1205 2180 eontulit
1235 2120 1392 2203 grangiam

251 2218 292 2279 de
307 2217 467 2280 Stmttun.

319 2402 478 2464 Robenus
492 2399 534 2463 de
549 2398 624 2474 Ros,
640 2398 729 2461 filius
744 2396 823 2480 ejus,
838 2398 896 2479 qui
918 2398 1125 2462 confirmavit
1146 2400 1243 2463 nobis
1265 2400 1392 2464 eundem

252 2501 369 2562 locum.

318 2685 478 2746 Dominus
504 2681 663 2744 Robertus
689 2678 838 2742 Bertram
862 2680 904 2741 de
930 2677 1074 2757 Bothall,
1098 2681 1156 2762 qui
1188 2679 1282 2744 dedit
1312 2681 1394 2743 nobis

251 2800 371 2845 terram
396 2802 469 2863 quae
494 2780 617 2841 dicitur
646 2776 778 2853 Forum,
807 2782 843 2838 at
867 2776 1025 2859 quioquid
1055 2776 1097 2838 ad
1128 2777 1223 2840 illam
1253 2779 1393 2861 pertinet

253 2880 322 2941 irie.
341 2878 498 2952 Bam-am,
513 2875 600 2937 tilius
614 2874 694 2957 ejus·
739 2872 897 2935 Robertus
912 2872 1073 2935 Bertram.

316 3067 477 3128 Dominus
492 3060 667 3126 Odonellus
687 3059 729 3123 de
744 3057 931 3136 t'mirnrilL
945 3058 1003 3140 qui
1020 3059 1147 3141 primus
1160 3058 1292 3123 dimisit
1313 3058 1393 3122 nobis

251 3166 292 3227 ad
315 3165 443 3225 firmam
465 3179 569 3221 morus
591 3157 632 3218 de
654 3155 832 3238 Chyviothe
853 3161 888 3217 et
909 3157 1061 3237 grangias
1083 3154 1124 3216 de
1148 3155 1283 3219 Filtone
1310 3164 1342 3220 et
1361 3156 1393 3218 de

252 3260 400 3325 Tulland.
445 3256 539 3317 will.
550 3254 591 3316 de
608 3250 846 3327 imitamine,
857 3249 1012 3312 Ricardus
1027 3251 1068 3312 de
1083 3250 1327 3330 Umframville,
1340 3253 1392 3315 filii

251 3360 332 3421 dicti
357 3353 518 3428 Odunelli,
534 3349 704 3414 Gilbertus
725 3347 766 3410 de
789 3346 1026 3421 Umframville,
1042 3347 1198 3409 Mat-ildis
1220 3369 1302 3410 uxor
1322 3348 1393 3432 ejus,

251 3458 308 3540 qui
338 3453 495 3517 dederunt
526 3447 619 3509 nobis
655 3452 821 3528 pasturam
857 3444 898 3505 de
934 3442 1108 3504 nnfhille.
1155 3443 1324 3508 Gilbertus
1359 3444 1392 3505 de

253 3549 440 3619 smimrill,
455 3545 542 3606 tilius
557 3543 637 3625 ejus,
652 3541 710 3623 qui
724 3539 874 3601 vendidit
888 3538 979 3600 nobis
1001 3538 1092 3601 dicta
1114 3538 1186 3601 loca
1209 3561 1250 3603 ex
1265 3542 1392 3624 integro,

251 3671 326 3715 cum
340 3644 490 3709 omnibus
505 3638 711 3724 pertinentiis
724 3642 758 3698 et
775 3635 980 3698 libertatibus
994 3635 1071 3696 suis.

317 3831 455 3899 incubus
479 3827 520 3889 de
545 3821 673 3899 Bolum,
696 3821 753 3903 qui
777 3820 902 3901 primus
928 3819 1056 3882 dimisit
1082 3819 1178 3882 nobis
1202 3822 1247 3885 ad
1276 3823 1393 3886 firmam

291 3932 421 4015 ingiam
442 3926 483 3988 de
498 3922 662 3984 Newtone.
708 3917 876 3979 Gilbertus
891 3915 977 3978 filius
1000 3914 1082 3998 ejus.
1128 3917 1295 3981 walterus
1317 3919 1393 3981 filirn

319 4026 405 4110 iqui
420 4019 569 4084 vendidit
590 4015 683 4077 nobis
703 4012 842 4076 eundem
857 4010 976 4073 locum.
1021 4011 1139 4088 Alicia,
1156 4012 1225 4076 filia
1247 4020 1283 4078 et
1303 4015 1394 4079 haeres

347 4119 496 4195 Waltari‚
510 4135 583 4198 quae
597 4110 800 4173 confirmavit
814 4108 908 4170 nobis
923 4107 1061 4170 eundem
1077 4107 1198 4172 locum.

376 4258 488 4308 minvs.
499 4272 525 4307 n.
538 4251 599 4316 281,
608 4248 660 4303 and
673 4257 736 4302 nota
748 4247 775 4300 2.
810 4244 895 4299 Other
906 4261 997 4298 names
1008 4244 1062 4298 and
1074 4253 1190 4301 matters
1203 4265 1234 4301 as
1247 4249 1313 4320 they
1325 4266 1395 4304 ooeur

524 4332 556 4387 bo
573 4327 716 4400 compared
733 4323 801 4378 with
820 4323 867 4378 the
884 4322 1048 4394 chartunry
1059 4323 1114 4378 and
1134 4325 1199 4381 Roll
1217 4326 1356 4399 hymnam
1370 4326 1397 4382 oi

536 4490 567 4546 a*
603 4488 653 4542 See
665 4483 758 4551 abore,
770 4501 796 4554 p.
810 4483 852 4536 θα
