<?xml version="1.0" encoding="UTF-8"?>
<!DOCTYPE html PUBLIC "-//W3C//DTD XHTML 1.0 Transitional//EN"
    "http://www.w3.org/TR/xhtml1/DTD/xhtml1-transitional.dtd">
<html xmlns="http://www.w3.org/1999/xhtml" xml:lang="en" lang="en">
 <head>
  <title>
</title>
<meta http-equiv="Content-Type" content="text/html;charset=utf-8" />
  <meta name='ocr-system' content='tesseract 3.04.00' />
  <meta name='ocr-capabilities' content='ocr_page ocr_carea ocr_par ocr_line ocrx_word'/>
</head>
<body>
  <div class='ocr_page' id='page_1' title='image "./chartulariumabb00fowlgoog_0086.png"; bbox 0 0 2940 5048; ppageno 0'>
   <div class='ocr_carea' id='block_1_1' title="bbox 431 342 1389 413">
    <p class='ocr_par' dir='ltr' id='par_1_1' title="bbox 431 342 1389 413">
     <span class='ocr_line' id='line_1_1' title="bbox 431 342 1389 413; baseline 0.002 -2"><span class='ocrx_word' id='word_1_1' title='bbox 431 360 478 411; x_wconf 81' lang='lat' dir='ltr'>na</span> <span class='ocrx_word' id='word_1_2' title='bbox 504 359 599 412; x_wconf 85' lang='grc' dir='ltr'>ιοιο</span> <span class='ocrx_word' id='word_1_3' title='bbox 625 342 1389 413; x_wconf 63' lang='lat' dir='ltr'>acrasitanae</span> 
     </span>
    </p>
   </div>
   <div class='ocr_carea' id='block_1_2' title="bbox 44 522 1424 1843">
    <p class='ocr_par' dir='ltr' id='par_1_2' title="bbox 44 522 1424 1843">
     <span class='ocr_line' id='line_1_2' title="bbox 100 522 1341 613; baseline -0.002 -24"><span class='ocrx_word' id='word_1_4' title='bbox 100 522 292 605; x_wconf 79' lang='lat' dir='ltr'>Omnibus,</span> <span class='ocrx_word' id='word_1_5' title='bbox 307 533 375 592; x_wconf 85' lang='lat' dir='ltr'>etc.</span> <span class='ocrx_word' id='word_1_6' title='bbox 406 528 525 612; x_wconf 88' lang='lat' dir='ltr'>Symon</span> <span class='ocrx_word' id='word_1_7' title='bbox 541 530 581 591; x_wconf 88' lang='lat' dir='ltr'>de</span> <span class='ocrx_word' id='word_1_8' title='bbox 591 529 662 591; x_wconf 88' lang='lat' dir='ltr'>Rue</span> <span class='ocrx_word' id='word_1_9' title='bbox 677 536 711 591; x_wconf 89' lang='lat' dir='ltr'>et</span> <span class='ocrx_word' id='word_1_10' title='bbox 735 529 864 593; x_wconf 88' lang='lat' dir='ltr'>Matild.</span> <span class='ocrx_word' id='word_1_11' title='bbox 877 550 956 592; x_wconf 86' lang='lat' dir='ltr'>uxor</span> <span class='ocrx_word' id='word_1_12' title='bbox 970 529 1049 613; x_wconf 90' lang='lat' dir='ltr'>ejus,</span> <span class='ocrx_word' id='word_1_13' title='bbox 1065 529 1212 591; x_wconf 83' lang='lat' dir='ltr'>salutem.</span> <span class='ocrx_word' id='word_1_14' title='bbox 1286 536 1341 587; x_wconf 84' lang='lat' dir='ltr'>xix·</span> 
     </span>
     <span class='ocr_line' id='line_1_3' title="bbox 44 604 1361 732; baseline 0.001 -48"><span class='ocrx_word' id='word_1_15' title='bbox 44 621 121 685; x_wconf 79' lang='lat' dir='ltr'>Nor.</span> <span class='ocrx_word' id='word_1_16' title='bbox 135 642 199 685; x_wconf 90' lang='lat' dir='ltr'>uos</span> <span class='ocrx_word' id='word_1_17' title='bbox 215 644 317 686; x_wconf 87' lang='lat' dir='ltr'>conc.</span> <span class='ocrx_word' id='word_1_18' title='bbox 333 632 369 687; x_wconf 91' lang='lat' dir='ltr'>et</span> <span class='ocrx_word' id='word_1_19' title='bbox 384 626 531 708; x_wconf 76' lang='lat' dir='ltr'>praesenti</span> <span class='ocrx_word' id='word_1_20' title='bbox 549 626 669 707; x_wconf 88' lang='lat' dir='ltr'>scripto</span> <span class='ocrx_word' id='word_1_21' title='bbox 693 632 799 688; x_wconf 80' lang='lat' dir='ltr'>nostro</span> <span class='ocrx_word' id='word_1_22' title='bbox 823 627 905 689; x_wconf 89' lang='lat' dir='ltr'>conf.</span> <span class='ocrx_word' id='word_1_23' title='bbox 929 647 985 707; x_wconf 92' lang='lat' dir='ltr'>pro</span> <span class='ocrx_word' id='word_1_24' title='bbox 1000 625 1214 688; x_wconf 87' lang='lat' dir='ltr'>nobisetber.</span> <span class='ocrx_word' id='word_1_25' title='bbox 1239 604 1361 732; x_wconf 38' lang='lat' dir='ltr'>gatto?</span> 
     </span>
     <span class='ocr_line' id='line_1_4' title="bbox 47 719 1367 832; baseline 0.003 -52"><span class='ocrx_word' id='word_1_26' title='bbox 47 738 78 781; x_wconf 90' lang='lat' dir='ltr'>n.</span> <span class='ocrx_word' id='word_1_27' title='bbox 91 719 127 780; x_wconf 92' lang='lat' dir='ltr'>in</span> <span class='ocrx_word' id='word_1_28' title='bbox 149 727 365 832; x_wconf 85' lang='lat' dir='ltr'>perpetuum</span> <span class='ocrx_word' id='word_1_29' title='bbox 393 721 467 784; x_wconf 89' lang='lat' dir='ltr'>abb</span> <span class='ocrx_word' id='word_1_30' title='bbox 491 727 526 784; x_wconf 89' lang='lat' dir='ltr'>et</span> <span class='ocrx_word' id='word_1_31' title='bbox 548 742 638 783; x_wconf 77' lang='lat' dir='ltr'>cour.</span> <span class='ocrx_word' id='word_1_32' title='bbox 665 722 749 784; x_wconf 87' lang='lat' dir='ltr'>Novi</span> <span class='ocrx_word' id='word_1_33' title='bbox 772 722 862 784; x_wconf 91' lang='lat' dir='ltr'>Mon.</span> <span class='ocrx_word' id='word_1_34' title='bbox 886 728 921 784; x_wconf 88' lang='lat' dir='ltr'>et</span> <span class='ocrx_word' id='word_1_35' title='bbox 944 742 1052 785; x_wconf 86' lang='lat' dir='ltr'>eorum</span> <span class='ocrx_word' id='word_1_36' title='bbox 1082 742 1213 784; x_wconf 86' lang='lat' dir='ltr'>success.</span> <span class='ocrx_word' id='word_1_37' title='bbox 1238 750 1327 799; x_wconf 55' lang='grc' dir='ltr'>ηιμ</span> <span class='ocrx_word' id='word_1_38' title='bbox 1314 744 1367 793; x_wconf 53' lang='grc' dir='ltr'>ιιιο</span> 
     </span>
     <span class='ocr_line' id='line_1_5' title="bbox 50 800 1424 917; baseline 0.001 -39"><span class='ocrx_word' id='word_1_39' title='bbox 50 822 81 878; x_wconf 80' lang='lat' dir='ltr'>et</span> <span class='ocrx_word' id='word_1_40' title='bbox 93 816 293 879; x_wconf 86' lang='lat' dir='ltr'>bominibus</span> <span class='ocrx_word' id='word_1_41' title='bbox 315 819 381 880; x_wconf 83' lang='lat' dir='ltr'>suis</span> <span class='ocrx_word' id='word_1_42' title='bbox 402 818 538 880; x_wconf 88' lang='lat' dir='ltr'>liberum</span> <span class='ocrx_word' id='word_1_43' title='bbox 558 819 733 881; x_wconf 74' lang='lat' dir='ltr'>transitum</span> <span class='ocrx_word' id='word_1_44' title='bbox 753 839 828 881; x_wconf 91' lang='lat' dir='ltr'>cum</span> <span class='ocrx_word' id='word_1_45' title='bbox 850 820 1038 901; x_wconf 86' lang='lat' dir='ltr'>summagiis</span> <span class='ocrx_word' id='word_1_46' title='bbox 1053 824 1086 879; x_wconf 88' lang='lat' dir='ltr'>et</span> <span class='ocrx_word' id='word_1_47' title='bbox 1101 818 1214 879; x_wconf 86' lang='lat' dir='ltr'>averiis</span> <span class='ocrx_word' id='word_1_48' title='bbox 1238 800 1272 916; x_wconf 58' lang='grc' dir='ltr'>ἒξ</span> <span class='ocrx_word' id='word_1_49' title='bbox 1279 800 1367 917; x_wconf 46' lang='lat'>{¹3⁰⁰</span> <span class='ocrx_word' id='word_1_50' title='bbox 1416 892 1424 903; x_wconf 36' lang='grc'><strong>.</strong></span> 
     </span>
     <span class='ocr_line' id='line_1_6' title="bbox 51 914 1213 997; baseline 0 -22"><span class='ocrx_word' id='word_1_51' title='bbox 51 914 301 976; x_wconf 85' lang='lat' dir='ltr'>etomnimodis</span> <span class='ocrx_word' id='word_1_52' title='bbox 323 915 470 997; x_wconf 75' lang='lat' dir='ltr'>cauagiis</span> <span class='ocrx_word' id='word_1_53' title='bbox 491 917 557 977; x_wconf 88' lang='lat' dir='ltr'>suis</span> <span class='ocrx_word' id='word_1_54' title='bbox 580 935 636 996; x_wconf 88' lang='lat' dir='ltr'>per</span> <span class='ocrx_word' id='word_1_55' title='bbox 659 934 768 976; x_wconf 90' lang='lat' dir='ltr'>omues</span> <span class='ocrx_word' id='word_1_56' title='bbox 794 920 895 977; x_wconf 85' lang='lat' dir='ltr'>terras</span> <span class='ocrx_word' id='word_1_57' title='bbox 918 922 1042 977; x_wconf 87' lang='lat' dir='ltr'>nostras</span> <span class='ocrx_word' id='word_1_58' title='bbox 1064 914 1149 976; x_wconf 77' lang='lat' dir='ltr'>villa</span> <span class='ocrx_word' id='word_1_59' title='bbox 1174 915 1213 977; x_wconf 89' lang='lat' dir='ltr'>de</span> 
     </span>
     <span class='ocr_line' id='line_1_7' title="bbox 53 1006 1214 1094; baseline 0.003 -26"><span class='ocrx_word' id='word_1_60' title='bbox 53 1006 240 1072; x_wconf 84' lang='lat' dir='ltr'>Wolsiuton</span> <span class='ocrx_word' id='word_1_61' title='bbox 255 1014 348 1072; x_wconf 80' lang='lat' dir='ltr'>extra</span> <span class='ocrx_word' id='word_1_62' title='bbox 362 1009 494 1073; x_wconf 84' lang='lat' dir='ltr'>bladum</span> <span class='ocrx_word' id='word_1_63' title='bbox 509 1017 544 1072; x_wconf 90' lang='lat' dir='ltr'>et</span> <span class='ocrx_word' id='word_1_64' title='bbox 566 1017 695 1094; x_wconf 88' lang='lat' dir='ltr'>pratum</span> <span class='ocrx_word' id='word_1_65' title='bbox 717 1008 825 1094; x_wconf 76' lang='lat' dir='ltr'><strong>(aaa),</strong></span> <span class='ocrx_word' id='word_1_66' title='bbox 840 1017 874 1073; x_wconf 89' lang='lat' dir='ltr'>et</span> <span class='ocrx_word' id='word_1_67' title='bbox 896 1012 981 1094; x_wconf 90' lang='lat' dir='ltr'>quod</span> <span class='ocrx_word' id='word_1_68' title='bbox 1004 1012 1128 1093; x_wconf 79' lang='lat' dir='ltr'>possint</span> <span class='ocrx_word' id='word_1_69' title='bbox 1148 1011 1214 1072; x_wconf 90' lang='lat' dir='ltr'>dis·</span> 
     </span>
     <span class='ocr_line' id='line_1_8' title="bbox 49 1103 1213 1189; baseline -0.001 -20"><span class='ocrx_word' id='word_1_70' title='bbox 49 1103 188 1187; x_wconf 73' lang='lat' dir='ltr'>jungere</span> <span class='ocrx_word' id='word_1_71' title='bbox 203 1105 303 1169; x_wconf 82' lang='lat' dir='ltr'>boves</span> <span class='ocrx_word' id='word_1_72' title='bbox 317 1113 438 1171; x_wconf 82' lang='lat' dir='ltr'>suoset</span> <span class='ocrx_word' id='word_1_73' title='bbox 451 1108 559 1168; x_wconf 88' lang='lat' dir='ltr'>averia</span> <span class='ocrx_word' id='word_1_74' title='bbox 580 1127 638 1169; x_wconf 90' lang='lat' dir='ltr'>sua</span> <span class='ocrx_word' id='word_1_75' title='bbox 659 1127 754 1189; x_wconf 91' lang='lat' dir='ltr'>super</span> <span class='ocrx_word' id='word_1_76' title='bbox 774 1113 938 1188; x_wconf 80' lang='lat' dir='ltr'><strong>pasturam</strong></span> <span class='ocrx_word' id='word_1_77' title='bbox 953 1112 1093 1169; x_wconf 84' lang='lat' dir='ltr'>nostram</span> <span class='ocrx_word' id='word_1_78' title='bbox 1116 1107 1213 1168; x_wconf 87' lang='lat' dir='ltr'>dictae</span> 
     </span>
     <span class='ocr_line' id='line_1_9' title="bbox 55 1200 1212 1286; baseline 0 -22"><span class='ocrx_word' id='word_1_79' title='bbox 55 1200 141 1264; x_wconf 82' lang='lat' dir='ltr'>villae</span> <span class='ocrx_word' id='word_1_80' title='bbox 156 1202 199 1264; x_wconf 87' lang='lat' dir='ltr'>de</span> <span class='ocrx_word' id='word_1_81' title='bbox 216 1202 432 1286; x_wconf 80' lang='lat' dir='ltr'>Wolsington,</span> <span class='ocrx_word' id='word_1_82' title='bbox 447 1209 481 1265; x_wconf 92' lang='lat' dir='ltr'>et</span> <span class='ocrx_word' id='word_1_83' title='bbox 503 1223 541 1265; x_wconf 86' lang='lat' dir='ltr'>ea</span> <span class='ocrx_word' id='word_1_84' title='bbox 563 1223 622 1285; x_wconf 90' lang='lat' dir='ltr'>pro</span> <span class='ocrx_word' id='word_1_85' title='bbox 644 1202 812 1264; x_wconf 88' lang='lat' dir='ltr'>voluntate</span> <span class='ocrx_word' id='word_1_86' title='bbox 836 1224 892 1266; x_wconf 87' lang='lat' dir='ltr'>sua</span> <span class='ocrx_word' id='word_1_87' title='bbox 908 1203 1029 1266; x_wconf 82' lang='lat' dir='ltr'>ibidem</span> <span class='ocrx_word' id='word_1_88' title='bbox 1044 1204 1212 1285; x_wconf 86' lang='lat' dir='ltr'>depascere</span> 
     </span>
     <span class='ocr_line' id='line_1_10' title="bbox 56 1299 1211 1382; baseline 0.002 -23"><span class='ocrx_word' id='word_1_89' title='bbox 56 1300 336 1382; x_wconf 84' lang='lat' dir='ltr'>quocienscunque</span> <span class='ocrx_word' id='word_1_90' title='bbox 352 1305 387 1362; x_wconf 87' lang='lat' dir='ltr'>et</span> <span class='ocrx_word' id='word_1_91' title='bbox 401 1299 652 1382; x_wconf 82' lang='lat' dir='ltr'>quandocunque</span> <span class='ocrx_word' id='word_1_92' title='bbox 667 1300 840 1381; x_wconf 82' lang='lat' dir='ltr'>contigerit</span> <span class='ocrx_word' id='word_1_93' title='bbox 860 1320 912 1361; x_wconf 92' lang='lat' dir='ltr'>eos</span> <span class='ocrx_word' id='word_1_94' title='bbox 935 1320 1008 1361; x_wconf 92' lang='lat' dir='ltr'>cum</span> <span class='ocrx_word' id='word_1_95' title='bbox 1023 1301 1211 1381; x_wconf 79' lang='lat' dir='ltr'>summagiis</span> 
     </span>
     <span class='ocr_line' id='line_1_11' title="bbox 55 1394 1212 1477; baseline 0.002 -22"><span class='ocrx_word' id='word_1_96' title='bbox 55 1401 90 1455; x_wconf 81' lang='lat' dir='ltr'>at</span> <span class='ocrx_word' id='word_1_97' title='bbox 108 1394 228 1456; x_wconf 81' lang='lat' dir='ltr'>averiis</span> <span class='ocrx_word' id='word_1_98' title='bbox 251 1396 316 1457; x_wconf 84' lang='lat' dir='ltr'>suis</span> <span class='ocrx_word' id='word_1_99' title='bbox 339 1415 396 1476; x_wconf 87' lang='lat' dir='ltr'>per</span> <span class='ocrx_word' id='word_1_100' title='bbox 419 1396 516 1477; x_wconf 84' lang='lat' dir='ltr'>praed.</span> <span class='ocrx_word' id='word_1_101' title='bbox 540 1400 704 1476; x_wconf 83' lang='lat' dir='ltr'>pasturam</span> <span class='ocrx_word' id='word_1_102' title='bbox 729 1397 877 1457; x_wconf 79' lang='lat' dir='ltr'>transire.</span> <span class='ocrx_word' id='word_1_103' title='bbox 922 1395 967 1456; x_wconf 90' lang='lat' dir='ltr'>Et</span> <span class='ocrx_word' id='word_1_104' title='bbox 982 1395 1147 1457; x_wconf 88' lang='lat' dir='ltr'>sciendum</span> <span class='ocrx_word' id='word_1_105' title='bbox 1162 1402 1212 1457; x_wconf 90' lang='lat' dir='ltr'>est</span> 
     </span>
     <span class='ocr_line' id='line_1_12' title="bbox 56 1489 1210 1571; baseline 0.001 -20"><span class='ocrx_word' id='word_1_106' title='bbox 56 1490 143 1571; x_wconf 90' lang='lat' dir='ltr'>quod</span> <span class='ocrx_word' id='word_1_107' title='bbox 167 1491 197 1551; x_wconf 90' lang='lat' dir='ltr'>si</span> <span class='ocrx_word' id='word_1_108' title='bbox 219 1492 328 1553; x_wconf 82' lang='lat' dir='ltr'>averia</span> <span class='ocrx_word' id='word_1_109' title='bbox 354 1489 404 1551; x_wconf 87' lang='lat' dir='ltr'>vel</span> <span class='ocrx_word' id='word_1_110' title='bbox 429 1491 583 1552; x_wconf 89' lang='lat' dir='ltr'>animalia</span> <span class='ocrx_word' id='word_1_111' title='bbox 610 1490 769 1552; x_wconf 84' lang='lat' dir='ltr'>dictorum</span> <span class='ocrx_word' id='word_1_112' title='bbox 796 1490 870 1552; x_wconf 85' lang='lat' dir='ltr'><strong>abb.</strong></span> <span class='ocrx_word' id='word_1_113' title='bbox 903 1497 937 1552; x_wconf 89' lang='lat' dir='ltr'>et</span> <span class='ocrx_word' id='word_1_114' title='bbox 963 1510 1053 1554; x_wconf 89' lang='lat' dir='ltr'>conv.</span> <span class='ocrx_word' id='word_1_115' title='bbox 1079 1492 1210 1553; x_wconf 86' lang='lat' dir='ltr'>inventa</span> 
     </span>
     <span class='ocr_line' id='line_1_13' title="bbox 56 1585 1210 1669; baseline 0.003 -23"><span class='ocrx_word' id='word_1_116' title='bbox 56 1585 181 1647; x_wconf 86' lang='lat' dir='ltr'>fuerint</span> <span class='ocrx_word' id='word_1_117' title='bbox 195 1586 335 1669; x_wconf 89' lang='lat' dir='ltr'>dampna</span> <span class='ocrx_word' id='word_1_118' title='bbox 358 1587 512 1648; x_wconf 88' lang='lat' dir='ltr'>faciencia</span> <span class='ocrx_word' id='word_1_119' title='bbox 528 1586 578 1649; x_wconf 91' lang='lat' dir='ltr'>vel</span> <span class='ocrx_word' id='word_1_120' title='bbox 600 1587 720 1663; x_wconf 86' lang='lat' dir='ltr'>fecisse,</span> <span class='ocrx_word' id='word_1_121' title='bbox 736 1588 770 1648; x_wconf 89' lang='lat' dir='ltr'>in</span> <span class='ocrx_word' id='word_1_122' title='bbox 785 1586 881 1648; x_wconf 84' lang='lat' dir='ltr'>blado</span> <span class='ocrx_word' id='word_1_123' title='bbox 896 1588 945 1649; x_wconf 86' lang='lat' dir='ltr'>vel</span> <span class='ocrx_word' id='word_1_124' title='bbox 960 1595 1064 1669; x_wconf 86' lang='lat' dir='ltr'>prato,</span> <span class='ocrx_word' id='word_1_125' title='bbox 1080 1592 1210 1668; x_wconf 88' lang='lat' dir='ltr'>propter</span> 
     </span>
     <span class='ocr_line' id='line_1_14' title="bbox 55 1681 1208 1765; baseline 0.002 -23"><span class='ocrx_word' id='word_1_126' title='bbox 55 1681 118 1743; x_wconf 93' lang='lat' dir='ltr'>boc</span> <span class='ocrx_word' id='word_1_127' title='bbox 141 1702 206 1745; x_wconf 92' lang='lat' dir='ltr'>non</span> <span class='ocrx_word' id='word_1_128' title='bbox 229 1684 494 1746; x_wconf 84' lang='lat' dir='ltr'>attacbiabuntur</span> <span class='ocrx_word' id='word_1_129' title='bbox 520 1684 560 1746; x_wconf 89' lang='lat' dir='ltr'>ad</span> <span class='ocrx_word' id='word_1_130' title='bbox 590 1683 722 1758; x_wconf 86' lang='lat' dir='ltr'>curiam,</span> <span class='ocrx_word' id='word_1_131' title='bbox 749 1683 804 1745; x_wconf 89' lang='lat' dir='ltr'>sed</span> <span class='ocrx_word' id='word_1_132' title='bbox 828 1684 1004 1764; x_wconf 91' lang='lat' dir='ltr'>dampnum</span> <span class='ocrx_word' id='word_1_133' title='bbox 1028 1684 1055 1745; x_wconf 88' lang='lat' dir='ltr'>si</span> <span class='ocrx_word' id='word_1_134' title='bbox 1079 1683 1208 1765; x_wconf 82' lang='lat' dir='ltr'>aliquod</span> 
     </span>
     <span class='ocr_line' id='line_1_15' title="bbox 55 1776 1209 1843; baseline 0.002 -4"><span class='ocrx_word' id='word_1_135' title='bbox 55 1776 155 1840; x_wconf 83' lang='lat' dir='ltr'>fuerit</span> <span class='ocrx_word' id='word_1_136' title='bbox 179 1778 304 1841; x_wconf 88' lang='lat' dir='ltr'>dabunt</span> <span class='ocrx_word' id='word_1_137' title='bbox 325 1781 498 1843; x_wconf 91' lang='lat' dir='ltr'>secuudum</span> <span class='ocrx_word' id='word_1_138' title='bbox 514 1780 617 1841; x_wconf 84' lang='lat' dir='ltr'>visum</span> <span class='ocrx_word' id='word_1_139' title='bbox 631 1785 665 1841; x_wconf 92' lang='lat' dir='ltr'>et</span> <span class='ocrx_word' id='word_1_140' title='bbox 689 1780 938 1841; x_wconf 87' lang='lat' dir='ltr'>aestimacionem</span> <span class='ocrx_word' id='word_1_141' title='bbox 957 1779 1111 1841; x_wconf 91' lang='lat' dir='ltr'>bonorum</span> <span class='ocrx_word' id='word_1_142' title='bbox 1126 1782 1209 1841; x_wconf 84' lang='lat' dir='ltr'>viro·</span> 
     </span>
    </p>
   </div>
   <div class='ocr_carea' id='block_1_3' title="bbox 55 1875 520 1951">
    <p class='ocr_par' dir='ltr' id='par_1_3' title="bbox 55 1875 520 1951">
     <span class='ocr_line' id='line_1_16' title="bbox 55 1875 520 1951; baseline 0.004 -15"><span class='ocrx_word' id='word_1_143' title='bbox 55 1894 140 1936; x_wconf 89' lang='lat' dir='ltr'>rum.</span> <span class='ocrx_word' id='word_1_144' title='bbox 187 1875 232 1938; x_wconf 84' lang='lat' dir='ltr'>Et</span> <span class='ocrx_word' id='word_1_145' title='bbox 246 1895 303 1939; x_wconf 88' lang='lat' dir='ltr'>uos</span> <span class='ocrx_word' id='word_1_146' title='bbox 316 1882 351 1938; x_wconf 87' lang='lat' dir='ltr'>et</span> <span class='ocrx_word' id='word_1_147' title='bbox 367 1876 444 1951; x_wconf 69' lang='lat' dir='ltr'>her„</span> <span class='ocrx_word' id='word_1_148' title='bbox 458 1882 520 1938; x_wconf 83' lang='lat' dir='ltr'>etc.</span> 
     </span>
    </p>
   </div>
   <div class='ocr_carea' id='block_1_4' title="bbox 56 2065 1351 2247">
    <p class='ocr_par' dir='ltr' id='par_1_4' title="bbox 56 2065 1351 2247">
     <span class='ocr_line' id='line_1_17' title="bbox 123 2065 1351 2181; baseline 0.002 -53"><span class='ocrx_word' id='word_1_149' title='bbox 123 2065 282 2131; x_wconf 77' lang='lat' dir='ltr'>Noverint</span> <span class='ocrx_word' id='word_1_150' title='bbox 305 2088 425 2146; x_wconf 86' lang='lat' dir='ltr'>omnes,</span> <span class='ocrx_word' id='word_1_151' title='bbox 442 2074 503 2131; x_wconf 88' lang='lat' dir='ltr'>etc.</span> <span class='ocrx_word' id='word_1_152' title='bbox 520 2069 604 2152; x_wconf 90' lang='lat' dir='ltr'>quod</span> <span class='ocrx_word' id='word_1_153' title='bbox 620 2069 702 2131; x_wconf 90' lang='lat' dir='ltr'><strong>Abb.</strong></span> <span class='ocrx_word' id='word_1_154' title='bbox 719 2073 753 2130; x_wconf 89' lang='lat' dir='ltr'>et</span> <span class='ocrx_word' id='word_1_155' title='bbox 775 2089 866 2130; x_wconf 87' lang='lat' dir='ltr'>conv.</span> <span class='ocrx_word' id='word_1_156' title='bbox 890 2068 975 2130; x_wconf 85' lang='lat' dir='ltr'>Novi</span> <span class='ocrx_word' id='word_1_157' title='bbox 1000 2068 1088 2130; x_wconf 87' lang='lat' dir='ltr'>Mon.</span> <span class='ocrx_word' id='word_1_158' title='bbox 1111 2069 1208 2131; x_wconf 90' lang='lat' dir='ltr'>dimi·</span> <span class='ocrx_word' id='word_1_159' title='bbox 1232 2074 1329 2179; x_wconf 59' lang='lat' dir='ltr'>Len</span> <span class='ocrx_word' id='word_1_160' title='bbox 1268 2133 1351 2181; x_wconf 55' lang='lat' dir='ltr'>aanor</span> 
     </span>
     <span class='ocr_line' id='line_1_18' title="bbox 56 2130 1327 2247; baseline 0.002 -23"><span class='ocrx_word' id='word_1_161' title='bbox 56 2168 170 2225; x_wconf 77' lang='lat' dir='ltr'>serunt</span> <span class='ocrx_word' id='word_1_162' title='bbox 191 2162 233 2225; x_wconf 89' lang='lat' dir='ltr'>ad</span> <span class='ocrx_word' id='word_1_163' title='bbox 249 2164 335 2227; x_wconf 86' lang='lat' dir='ltr'>feodi</span> <span class='ocrx_word' id='word_1_164' title='bbox 352 2165 476 2226; x_wconf 85' lang='lat' dir='ltr'>firmam</span> <span class='ocrx_word' id='word_1_165' title='bbox 492 2164 628 2228; x_wconf 82' lang='lat' dir='ltr'>Andreae</span> <span class='ocrx_word' id='word_1_166' title='bbox 643 2165 682 2227; x_wconf 92' lang='lat' dir='ltr'>de</span> <span class='ocrx_word' id='word_1_167' title='bbox 698 2165 807 2246; x_wconf 89' lang='lat' dir='ltr'>Lynce</span> <span class='ocrx_word' id='word_1_168' title='bbox 822 2171 856 2226; x_wconf 88' lang='lat' dir='ltr'>et</span> <span class='ocrx_word' id='word_1_169' title='bbox 871 2165 938 2226; x_wconf 90' lang='lat' dir='ltr'>her.</span> <span class='ocrx_word' id='word_1_170' title='bbox 955 2130 1327 2247; x_wconf 54' lang='lat' dir='ltr'>suis,quandam1¹⁰1ssns15n</span> 
     </span>
    </p>
   </div>
   <div class='ocr_carea' id='block_1_5' title="bbox 55 2260 1367 2344">
    <p class='ocr_par' dir='ltr' id='par_1_5' title="bbox 55 2260 1367 2344">
     <span class='ocr_line' id='line_1_19' title="bbox 55 2260 1367 2344; baseline 0.003 -22"><span class='ocrx_word' id='word_1_171' title='bbox 55 2264 184 2340; x_wconf 83' lang='lat' dir='ltr'>partem</span> <span class='ocrx_word' id='word_1_172' title='bbox 199 2265 294 2324; x_wconf 80' lang='lat' dir='ltr'>terrae</span> <span class='ocrx_word' id='word_1_173' title='bbox 308 2282 373 2324; x_wconf 82' lang='lat' dir='ltr'>suae</span> <span class='ocrx_word' id='word_1_174' title='bbox 388 2263 421 2323; x_wconf 91' lang='lat' dir='ltr'>in</span> <span class='ocrx_word' id='word_1_175' title='bbox 443 2263 605 2324; x_wconf 86' lang='lat' dir='ltr'>territorio</span> <span class='ocrx_word' id='word_1_176' title='bbox 620 2263 660 2324; x_wconf 88' lang='lat' dir='ltr'>de</span> <span class='ocrx_word' id='word_1_177' title='bbox 676 2260 869 2344; x_wconf 83' lang='lat' dir='ltr'>Cbeppwell‚</span> <span class='ocrx_word' id='word_1_178' title='bbox 885 2262 1018 2338; x_wconf 86' lang='lat' dir='ltr'>scilicet,</span> <span class='ocrx_word' id='word_1_179' title='bbox 1033 2283 1053 2322; x_wconf 92' lang='lat' dir='ltr'>a</span> <span class='ocrx_word' id='word_1_180' title='bbox 1068 2261 1151 2324; x_wconf 86' lang='lat' dir='ltr'>vallo</span> <span class='ocrx_word' id='word_1_181' title='bbox 1167 2262 1207 2324; x_wconf 92' lang='lat' dir='ltr'>de</span> <span class='ocrx_word' id='word_1_182' title='bbox 1232 2262 1285 2311; x_wconf 83' lang='lat' dir='ltr'>ch</span> <span class='ocrx_word' id='word_1_183' title='bbox 1270 2280 1333 2326; x_wconf 88' lang='grc' dir='ltr'>ι</span> <span class='ocrx_word' id='word_1_184' title='bbox 1304 2264 1367 2321; x_wconf 77' lang='grc' dir='ltr'>ιιιι</span> 
     </span>
    </p>
   </div>
   <div class='ocr_carea' id='block_1_6' title="bbox 56 2329 1373 2458">
    <p class='ocr_par' dir='ltr' id='par_1_6' title="bbox 56 2329 1373 2458">
     <span class='ocr_line' id='line_1_20' title="bbox 56 2329 1373 2458; baseline 0.006 -42"><span class='ocrx_word' id='word_1_185' title='bbox 56 2354 166 2436; x_wconf 81' lang='lat' dir='ltr'>Lynce</span> <span class='ocrx_word' id='word_1_186' title='bbox 193 2358 391 2421; x_wconf 87' lang='lat' dir='ltr'>ascendendo</span> <span class='ocrx_word' id='word_1_187' title='bbox 407 2379 463 2441; x_wconf 88' lang='lat' dir='ltr'>per</span> <span class='ocrx_word' id='word_1_188' title='bbox 483 2359 713 2442; x_wconf 86' lang='lat' dir='ltr'>Lyuchestrete</span> <span class='ocrx_word' id='word_1_189' title='bbox 737 2378 836 2440; x_wconf 90' lang='lat' dir='ltr'>usque</span> <span class='ocrx_word' id='word_1_190' title='bbox 851 2358 891 2420; x_wconf 90' lang='lat' dir='ltr'>ad</span> <span class='ocrx_word' id='word_1_191' title='bbox 906 2358 1000 2420; x_wconf 88' lang='lat' dir='ltr'>illum</span> <span class='ocrx_word' id='word_1_192' title='bbox 1024 2358 1128 2420; x_wconf 91' lang='lat' dir='ltr'>locum</span> <span class='ocrx_word' id='word_1_193' title='bbox 1152 2359 1207 2420; x_wconf 89' lang='lat' dir='ltr'>ubi</span> <span class='ocrx_word' id='word_1_194' title='bbox 1230 2331 1363 2458; x_wconf 39' lang='lat' dir='ltr'>affici}</span> <span class='ocrx_word' id='word_1_195' title='bbox 1266 2329 1373 2377; x_wconf 69' lang='lat' dir='ltr'>Amrewt</span> 
     </span>
    </p>
   </div>
   <div class='ocr_carea' id='block_1_7' title="bbox 53 2452 1207 3881">
    <p class='ocr_par' dir='ltr' id='par_1_7' title="bbox 53 2452 1207 3881">
     <span class='ocr_line' id='line_1_21' title="bbox 57 2452 1207 2537; baseline 0.002 -23"><span class='ocrx_word' id='word_1_196' title='bbox 57 2452 215 2516; x_wconf 83' lang='lat' dir='ltr'>fossatum</span> <span class='ocrx_word' id='word_1_197' title='bbox 229 2475 262 2517; x_wconf 87' lang='lat' dir='ltr'>se</span> <span class='ocrx_word' id='word_1_198' title='bbox 277 2455 424 2516; x_wconf 84' lang='lat' dir='ltr'>extendit</span> <span class='ocrx_word' id='word_1_199' title='bbox 439 2476 494 2537; x_wconf 91' lang='lat' dir='ltr'>per</span> <span class='ocrx_word' id='word_1_200' title='bbox 509 2456 749 2517; x_wconf 87' lang='lat' dir='ltr'>transversum</span> <span class='ocrx_word' id='word_1_201' title='bbox 741 2475 774 2515; x_wconf 88' lang='lat' dir='ltr'>ru</span> <span class='ocrx_word' id='word_1_202' title='bbox 792 2454 953 2530; x_wconf 86' lang='lat' dir='ltr'>Derwent‚</span> <span class='ocrx_word' id='word_1_203' title='bbox 968 2461 1002 2516; x_wconf 85' lang='lat' dir='ltr'>at</span> <span class='ocrx_word' id='word_1_204' title='bbox 1017 2456 1062 2516; x_wconf 87' lang='lat' dir='ltr'>sic</span> <span class='ocrx_word' id='word_1_205' title='bbox 1078 2455 1207 2516; x_wconf 86' lang='lat' dir='ltr'>descen·</span> 
     </span>
     <span class='ocr_line' id='line_1_22' title="bbox 56 2549 1207 2660; baseline 0.003 -51"><span class='ocrx_word' id='word_1_206' title='bbox 56 2549 164 2611; x_wconf 88' lang='lat' dir='ltr'>dendo</span> <span class='ocrx_word' id='word_1_207' title='bbox 179 2570 237 2660; x_wconf 88' lang='lat' dir='ltr'>per</span> <span class='ocrx_word' id='word_1_208' title='bbox 250 2549 400 2613; x_wconf 86' lang='lat' dir='ltr'>Derwent</span> <span class='ocrx_word' id='word_1_209' title='bbox 416 2551 571 2634; x_wconf 88' lang='lat' dir='ltr'>usquead</span> <span class='ocrx_word' id='word_1_210' title='bbox 594 2551 691 2633; x_wconf 84' lang='lat' dir='ltr'>praed</span> <span class='ocrx_word' id='word_1_211' title='bbox 709 2551 846 2613; x_wconf 86' lang='lat' dir='ltr'>vadum.</span> <span class='ocrx_word' id='word_1_212' title='bbox 870 2552 949 2612; x_wconf 90' lang='lat' dir='ltr'>Ten.</span> <span class='ocrx_word' id='word_1_213' title='bbox 966 2559 1000 2612; x_wconf 88' lang='lat' dir='ltr'>et</span> <span class='ocrx_word' id='word_1_214' title='bbox 1015 2551 1088 2613; x_wconf 89' lang='lat' dir='ltr'><strong>hab.</strong></span> <span class='ocrx_word' id='word_1_215' title='bbox 1106 2551 1157 2612; x_wconf 90' lang='lat' dir='ltr'>illi</span> <span class='ocrx_word' id='word_1_216' title='bbox 1172 2558 1207 2613; x_wconf 91' lang='lat' dir='ltr'>et</span> 
     </span>
     <span class='ocr_line' id='line_1_23' title="bbox 57 2645 1207 2729; baseline 0.003 -23"><span class='ocrx_word' id='word_1_217' title='bbox 57 2645 123 2707; x_wconf 89' lang='lat' dir='ltr'>ber.</span> <span class='ocrx_word' id='word_1_218' title='bbox 140 2648 206 2708; x_wconf 89' lang='lat' dir='ltr'>suis</span> <span class='ocrx_word' id='word_1_219' title='bbox 220 2647 261 2709; x_wconf 88' lang='lat' dir='ltr'>ad</span> <span class='ocrx_word' id='word_1_220' title='bbox 276 2647 362 2709; x_wconf 88' lang='lat' dir='ltr'>feodi</span> <span class='ocrx_word' id='word_1_221' title='bbox 377 2649 515 2724; x_wconf 86' lang='lat' dir='ltr'>firmam,</span> <span class='ocrx_word' id='word_1_222' title='bbox 531 2648 621 2710; x_wconf 88' lang='lat' dir='ltr'>sicud</span> <span class='ocrx_word' id='word_1_223' title='bbox 633 2647 825 2729; x_wconf 86' lang='lat' dir='ltr'>praedictum</span> <span class='ocrx_word' id='word_1_224' title='bbox 841 2653 900 2722; x_wconf 86' lang='lat' dir='ltr'>est,</span> <span class='ocrx_word' id='word_1_225' title='bbox 913 2648 953 2709; x_wconf 89' lang='lat' dir='ltr'>de</span> <span class='ocrx_word' id='word_1_226' title='bbox 969 2649 1066 2728; x_wconf 85' lang='lat' dir='ltr'>praed.</span> <span class='ocrx_word' id='word_1_227' title='bbox 1083 2648 1156 2710; x_wconf 91' lang='lat' dir='ltr'><strong>abb.</strong></span> <span class='ocrx_word' id='word_1_228' title='bbox 1172 2654 1207 2709; x_wconf 84' lang='lat' dir='ltr'>et</span> 
     </span>
     <span class='ocr_line' id='line_1_24' title="bbox 56 2742 1207 2824; baseline 0.003 -22"><span class='ocrx_word' id='word_1_229' title='bbox 56 2761 150 2804; x_wconf 87' lang='lat' dir='ltr'>conv.</span> <span class='ocrx_word' id='word_1_230' title='bbox 165 2761 225 2824; x_wconf 88' lang='lat' dir='ltr'>pro</span> <span class='ocrx_word' id='word_1_231' title='bbox 239 2742 319 2805; x_wconf 89' lang='lat' dir='ltr'>dim.</span> <span class='ocrx_word' id='word_1_232' title='bbox 335 2763 442 2805; x_wconf 87' lang='lat' dir='ltr'>marca</span> <span class='ocrx_word' id='word_1_233' title='bbox 463 2745 633 2805; x_wconf 88' lang='lat' dir='ltr'>annuatim</span> <span class='ocrx_word' id='word_1_234' title='bbox 652 2744 774 2805; x_wconf 84' lang='lat' dir='ltr'>eisdem</span> <span class='ocrx_word' id='word_1_235' title='bbox 789 2742 941 2804; x_wconf 87' lang='lat' dir='ltr'>solvenda</span> <span class='ocrx_word' id='word_1_236' title='bbox 961 2745 1090 2805; x_wconf 87' lang='lat' dir='ltr'>nomine</span> <span class='ocrx_word' id='word_1_237' title='bbox 1107 2743 1207 2805; x_wconf 73' lang='lat' dir='ltr'>firmae</span> 
     </span>
     <span class='ocr_line' id='line_1_25' title="bbox 55 2838 1206 2902; baseline 0.001 -3"><span class='ocrx_word' id='word_1_238' title='bbox 55 2838 96 2899; x_wconf 82' lang='lat' dir='ltr'>ad</span> <span class='ocrx_word' id='word_1_239' title='bbox 111 2838 192 2899; x_wconf 89' lang='lat' dir='ltr'>duos</span> <span class='ocrx_word' id='word_1_240' title='bbox 207 2840 359 2901; x_wconf 78' lang='lat' dir='ltr'>terminos</span> <span class='ocrx_word' id='word_1_241' title='bbox 374 2839 580 2902; x_wconf 85' lang='lat' dir='ltr'>Pentecostes</span> <span class='ocrx_word' id='word_1_242' title='bbox 598 2844 632 2901; x_wconf 88' lang='lat' dir='ltr'>et</span> <span class='ocrx_word' id='word_1_243' title='bbox 655 2841 766 2901; x_wconf 81' lang='lat' dir='ltr'>Sancti</span> <span class='ocrx_word' id='word_1_244' title='bbox 788 2840 935 2900; x_wconf 89' lang='lat' dir='ltr'>Martini.</span> <span class='ocrx_word' id='word_1_245' title='bbox 982 2840 1026 2901; x_wconf 85' lang='lat' dir='ltr'>Et</span> <span class='ocrx_word' id='word_1_246' title='bbox 1042 2841 1206 2901; x_wconf 85' lang='lat' dir='ltr'>sciendum</span> 
     </span>
     <span class='ocr_line' id='line_1_26' title="bbox 56 2934 1205 3017; baseline 0 -21"><span class='ocrx_word' id='word_1_247' title='bbox 56 2934 141 3016; x_wconf 92' lang='lat' dir='ltr'>quod</span> <span class='ocrx_word' id='word_1_248' title='bbox 165 2953 225 2997; x_wconf 81' lang='lat' dir='ltr'>nec</span> <span class='ocrx_word' id='word_1_249' title='bbox 251 2935 422 3016; x_wconf 69' lang='lat' dir='ltr'>praedictus</span> <span class='ocrx_word' id='word_1_250' title='bbox 445 2935 587 2997; x_wconf 77' lang='lat' dir='ltr'>Andreas</span> <span class='ocrx_word' id='word_1_251' title='bbox 614 2955 673 2997; x_wconf 87' lang='lat' dir='ltr'>nec</span> <span class='ocrx_word' id='word_1_252' title='bbox 700 2936 816 3017; x_wconf 85' lang='lat' dir='ltr'>aliquis</span> <span class='ocrx_word' id='word_1_253' title='bbox 842 2935 997 2997; x_wconf 86' lang='lat' dir='ltr'>heredum</span> <span class='ocrx_word' id='word_1_254' title='bbox 1019 2957 1148 2997; x_wconf 88' lang='lat' dir='ltr'>suorum</span> <span class='ocrx_word' id='word_1_255' title='bbox 1170 2937 1205 2996; x_wconf 91' lang='lat' dir='ltr'>iu</span> 
     </span>
     <span class='ocr_line' id='line_1_27' title="bbox 56 3029 1206 3114; baseline 0.002 -22"><span class='ocrx_word' id='word_1_256' title='bbox 56 3029 215 3112; x_wconf 72' lang='lat' dir='ltr'>praedicta</span> <span class='ocrx_word' id='word_1_257' title='bbox 239 3036 325 3093; x_wconf 89' lang='lat' dir='ltr'>terra</span> <span class='ocrx_word' id='word_1_258' title='bbox 347 3031 521 3094; x_wconf 67' lang='lat' dir='ltr'>aedificabit</span> <span class='ocrx_word' id='word_1_259' title='bbox 536 3053 595 3094; x_wconf 85' lang='lat' dir='ltr'>nec</span> <span class='ocrx_word' id='word_1_260' title='bbox 612 3032 652 3093; x_wconf 92' lang='lat' dir='ltr'>de</span> <span class='ocrx_word' id='word_1_261' title='bbox 674 3033 762 3093; x_wconf 88' lang='lat' dir='ltr'>dicta</span> <span class='ocrx_word' id='word_1_262' title='bbox 777 3040 864 3094; x_wconf 84' lang='lat' dir='ltr'>terra</span> <span class='ocrx_word' id='word_1_263' title='bbox 885 3032 1008 3114; x_wconf 82' lang='lat' dir='ltr'>aliquid</span> <span class='ocrx_word' id='word_1_264' title='bbox 1032 3032 1123 3093; x_wconf 87' lang='lat' dir='ltr'>dabit</span> <span class='ocrx_word' id='word_1_265' title='bbox 1149 3040 1206 3094; x_wconf 87' lang='lat' dir='ltr'>aut</span> 
     </span>
     <span class='ocr_line' id='line_1_28' title="bbox 55 3127 1205 3211; baseline 0.002 -24"><span class='ocrx_word' id='word_1_266' title='bbox 55 3127 176 3188; x_wconf 81' lang='lat' dir='ltr'>vendet</span> <span class='ocrx_word' id='word_1_267' title='bbox 189 3132 248 3188; x_wconf 89' lang='lat' dir='ltr'>aut</span> <span class='ocrx_word' id='word_1_268' title='bbox 262 3127 370 3211; x_wconf 89' lang='lat' dir='ltr'>aliquo</span> <span class='ocrx_word' id='word_1_269' title='bbox 384 3129 480 3191; x_wconf 91' lang='lat' dir='ltr'>modo</span> <span class='ocrx_word' id='word_1_270' title='bbox 495 3129 651 3190; x_wconf 83' lang='lat' dir='ltr'>alienabit</span> <span class='ocrx_word' id='word_1_271' title='bbox 667 3129 734 3190; x_wconf 89' lang='lat' dir='ltr'>sine</span> <span class='ocrx_word' id='word_1_272' title='bbox 749 3148 878 3191; x_wconf 87' lang='lat' dir='ltr'>assensu</span> <span class='ocrx_word' id='word_1_273' title='bbox 894 3134 927 3188; x_wconf 93' lang='lat' dir='ltr'>et</span> <span class='ocrx_word' id='word_1_274' title='bbox 943 3127 1109 3188; x_wconf 87' lang='lat' dir='ltr'>voluntate</span> <span class='ocrx_word' id='word_1_275' title='bbox 1126 3149 1205 3207; x_wconf 81' lang='lat' dir='ltr'>prae·</span> 
     </span>
     <span class='ocr_line' id='line_1_29' title="bbox 54 3221 1205 3306; baseline 0.002 -22"><span class='ocrx_word' id='word_1_276' title='bbox 54 3221 218 3285; x_wconf 84' lang='lat' dir='ltr'>dictorum</span> <span class='ocrx_word' id='word_1_277' title='bbox 233 3223 306 3286; x_wconf 91' lang='lat' dir='ltr'><strong>abb.</strong></span> <span class='ocrx_word' id='word_1_278' title='bbox 323 3228 357 3286; x_wconf 88' lang='lat' dir='ltr'>et</span> <span class='ocrx_word' id='word_1_279' title='bbox 372 3232 556 3287; x_wconf 85' lang='lat' dir='ltr'>conventus.</span> <span class='ocrx_word' id='word_1_280' title='bbox 603 3225 648 3286; x_wconf 86' lang='lat' dir='ltr'>Et</span> <span class='ocrx_word' id='word_1_281' title='bbox 671 3225 767 3306; x_wconf 84' lang='lat' dir='ltr'>praed.</span> <span class='ocrx_word' id='word_1_282' title='bbox 795 3225 935 3286; x_wconf 86' lang='lat' dir='ltr'>Andreas</span> <span class='ocrx_word' id='word_1_283' title='bbox 952 3222 1077 3304; x_wconf 86' lang='lat' dir='ltr'>juravit</span> <span class='ocrx_word' id='word_1_284' title='bbox 1099 3244 1157 3303; x_wconf 92' lang='lat' dir='ltr'>pro</span> <span class='ocrx_word' id='word_1_285' title='bbox 1172 3244 1205 3286; x_wconf 87' lang='lat' dir='ltr'>se</span> 
     </span>
     <span class='ocr_line' id='line_1_30' title="bbox 55 3317 1205 3403; baseline 0.001 -23"><span class='ocrx_word' id='word_1_286' title='bbox 55 3319 146 3381; x_wconf 85' lang='lat' dir='ltr'>sicud</span> <span class='ocrx_word' id='word_1_287' title='bbox 161 3319 282 3402; x_wconf 77' lang='lat' dir='ltr'>singrdi</span> <span class='ocrx_word' id='word_1_288' title='bbox 297 3321 428 3383; x_wconf 88' lang='lat' dir='ltr'>heredes</span> <span class='ocrx_word' id='word_1_289' title='bbox 443 3322 492 3383; x_wconf 89' lang='lat' dir='ltr'>sui</span> <span class='ocrx_word' id='word_1_290' title='bbox 507 3322 564 3403; x_wconf 86' lang='lat' dir='ltr'>qui</span> <span class='ocrx_word' id='word_1_291' title='bbox 580 3322 767 3402; x_wconf 72' lang='lat' dir='ltr'>praedictam</span> <span class='ocrx_word' id='word_1_292' title='bbox 778 3328 897 3383; x_wconf 90' lang='lat' dir='ltr'>terram</span> <span class='ocrx_word' id='word_1_293' title='bbox 906 3317 1074 3392; x_wconf 81' lang='lat' dir='ltr'>tenebunt,</span> <span class='ocrx_word' id='word_1_294' title='bbox 1086 3318 1205 3381; x_wconf 75' lang='lat' dir='ltr'>fircicnt</span> 
     </span>
     <span class='ocr_line' id='line_1_31' title="bbox 54 3414 1203 3501; baseline -0.002 -23"><span class='ocrx_word' id='word_1_295' title='bbox 54 3416 141 3497; x_wconf 92' lang='lat' dir='ltr'>quod</span> <span class='ocrx_word' id='word_1_296' title='bbox 157 3415 285 3478; x_wconf 88' lang='lat' dir='ltr'>nullum</span> <span class='ocrx_word' id='word_1_297' title='bbox 299 3417 475 3501; x_wconf 92' lang='lat' dir='ltr'>dampnum</span> <span class='ocrx_word' id='word_1_298' title='bbox 496 3417 618 3479; x_wconf 83' lang='lat' dir='ltr'>facient</span> <span class='ocrx_word' id='word_1_299' title='bbox 641 3439 698 3479; x_wconf 90' lang='lat' dir='ltr'>neo</span> <span class='ocrx_word' id='word_1_300' title='bbox 715 3418 784 3478; x_wconf 88' lang='lat' dir='ltr'>fieri</span> <span class='ocrx_word' id='word_1_301' title='bbox 807 3417 997 3499; x_wconf 86' lang='lat' dir='ltr'>permittent</span> <span class='ocrx_word' id='word_1_302' title='bbox 1012 3414 1109 3495; x_wconf 87' lang='lat' dir='ltr'>praed.</span> <span class='ocrx_word' id='word_1_303' title='bbox 1131 3415 1203 3476; x_wconf 88' lang='lat' dir='ltr'>abb.</span> 
     </span>
     <span class='ocr_line' id='line_1_32' title="bbox 53 3509 1205 3595; baseline 0.001 -22"><span class='ocrx_word' id='word_1_304' title='bbox 53 3517 88 3573; x_wconf 90' lang='lat' dir='ltr'>et</span> <span class='ocrx_word' id='word_1_305' title='bbox 117 3532 210 3574; x_wconf 88' lang='lat' dir='ltr'>conv.</span> <span class='ocrx_word' id='word_1_306' title='bbox 240 3520 277 3575; x_wconf 88' lang='lat' dir='ltr'>et</span> <span class='ocrx_word' id='word_1_307' title='bbox 305 3534 415 3576; x_wconf 84' lang='lat' dir='ltr'>eorum</span> <span class='ocrx_word' id='word_1_308' title='bbox 451 3515 609 3576; x_wconf 87' lang='lat' dir='ltr'>conversis</span> <span class='ocrx_word' id='word_1_309' title='bbox 644 3534 702 3595; x_wconf 91' lang='lat' dir='ltr'>pro</span> <span class='ocrx_word' id='word_1_310' title='bbox 732 3520 876 3595; x_wconf 87' lang='lat' dir='ltr'>tempore</span> <span class='ocrx_word' id='word_1_311' title='bbox 910 3510 995 3592; x_wconf 85' lang='lat' dir='ltr'>apud</span> <span class='ocrx_word' id='word_1_312' title='bbox 1022 3509 1205 3593; x_wconf 87' lang='lat' dir='ltr'>Cbeppwell</span> 
     </span>
     <span class='ocr_line' id='line_1_33' title="bbox 55 3606 1204 3691; baseline 0.001 -21"><span class='ocrx_word' id='word_1_313' title='bbox 55 3606 247 3670; x_wconf 82' lang='lat' dir='ltr'>exeuntibus</span> <span class='ocrx_word' id='word_1_314' title='bbox 270 3610 311 3671; x_wconf 90' lang='lat' dir='ltr'>de</span> <span class='ocrx_word' id='word_1_315' title='bbox 335 3608 442 3688; x_wconf 89' lang='lat' dir='ltr'>bosco,</span> <span class='ocrx_word' id='word_1_316' title='bbox 468 3631 529 3672; x_wconf 89' lang='lat' dir='ltr'>nec</span> <span class='ocrx_word' id='word_1_317' title='bbox 545 3610 585 3672; x_wconf 90' lang='lat' dir='ltr'>de</span> <span class='ocrx_word' id='word_1_318' title='bbox 602 3611 710 3691; x_wconf 92' lang='lat' dir='ltr'>aliqua</span> <span class='ocrx_word' id='word_1_319' title='bbox 733 3609 861 3671; x_wconf 88' lang='lat' dir='ltr'>aliare.</span> <span class='ocrx_word' id='word_1_320' title='bbox 909 3607 998 3680; x_wconf 83' lang='lat' dir='ltr'>Quod</span> <span class='ocrx_word' id='word_1_321' title='bbox 1023 3609 1048 3669; x_wconf 89' lang='lat' dir='ltr'>si</span> <span class='ocrx_word' id='word_1_322' title='bbox 1069 3609 1204 3671; x_wconf 85' lang='lat' dir='ltr'>fecerint</span> 
     </span>
     <span class='ocr_line' id='line_1_34' title="bbox 55 3703 1205 3788; baseline 0.002 -24"><span class='ocrx_word' id='word_1_323' title='bbox 55 3704 189 3766; x_wconf 85' lang='lat' dir='ltr'>stabunt</span> <span class='ocrx_word' id='word_1_324' title='bbox 207 3703 332 3787; x_wconf 90' lang='lat' dir='ltr'>judicio</span> <span class='ocrx_word' id='word_1_325' title='bbox 353 3707 450 3768; x_wconf 84' lang='lat' dir='ltr'>curiae</span> <span class='ocrx_word' id='word_1_326' title='bbox 473 3707 701 3788; x_wconf 81' lang='lat' dir='ltr'>praedictorum</span> <span class='ocrx_word' id='word_1_327' title='bbox 716 3705 841 3767; x_wconf 89' lang='lat' dir='ltr'>abbatis</span> <span class='ocrx_word' id='word_1_328' title='bbox 872 3711 906 3764; x_wconf 90' lang='lat' dir='ltr'>et</span> <span class='ocrx_word' id='word_1_329' title='bbox 928 3711 1114 3766; x_wconf 86' lang='lat' dir='ltr'>conventus.</span> <span class='ocrx_word' id='word_1_330' title='bbox 1161 3705 1205 3766; x_wconf 88' lang='lat' dir='ltr'>Et</span> 
     </span>
     <span class='ocr_line' id='line_1_35' title="bbox 55 3798 1167 3881; baseline 0.001 -20"><span class='ocrx_word' id='word_1_331' title='bbox 55 3800 153 3881; x_wconf 74' lang='lat' dir='ltr'>prad.</span> <span class='ocrx_word' id='word_1_332' title='bbox 169 3798 244 3862; x_wconf 89' lang='lat' dir='ltr'>abb.</span> <span class='ocrx_word' id='word_1_333' title='bbox 261 3806 296 3862; x_wconf 88' lang='lat' dir='ltr'>et</span> <span class='ocrx_word' id='word_1_334' title='bbox 311 3820 401 3862; x_wconf 90' lang='lat' dir='ltr'>conv.</span> <span class='ocrx_word' id='word_1_335' title='bbox 417 3821 491 3863; x_wconf 82' lang='lat' dir='ltr'>war.</span> <span class='ocrx_word' id='word_1_336' title='bbox 507 3801 595 3863; x_wconf 86' lang='lat' dir='ltr'>dicto</span> <span class='ocrx_word' id='word_1_337' title='bbox 609 3802 744 3863; x_wconf 74' lang='lat' dir='ltr'>Andreae</span> <span class='ocrx_word' id='word_1_338' title='bbox 759 3807 793 3862; x_wconf 91' lang='lat' dir='ltr'>et</span> <span class='ocrx_word' id='word_1_339' title='bbox 808 3801 874 3862; x_wconf 89' lang='lat' dir='ltr'>ber.</span> <span class='ocrx_word' id='word_1_340' title='bbox 892 3800 956 3860; x_wconf 85' lang='lat' dir='ltr'>suis</span> <span class='ocrx_word' id='word_1_341' title='bbox 971 3801 1089 3876; x_wconf 90' lang='lat' dir='ltr'>omnia,</span> <span class='ocrx_word' id='word_1_342' title='bbox 1104 3807 1167 3862; x_wconf 89' lang='lat' dir='ltr'>etc.</span> 
     </span>
    </p>
   </div>
   <div class='ocr_carea' id='block_1_8' title="bbox 54 3989 1382 4384">
    <p class='ocr_par' dir='ltr' id='par_1_8' title="bbox 54 3989 1382 4384">
     <span class='ocr_line' id='line_1_36' title="bbox 122 3989 1374 4075; baseline 0.002 -21"><span class='ocrx_word' id='word_1_343' title='bbox 122 3991 285 4055; x_wconf 84' lang='lat' dir='ltr'>Robertus</span> <span class='ocrx_word' id='word_1_344' title='bbox 300 3993 340 4055; x_wconf 93' lang='lat' dir='ltr'>de</span> <span class='ocrx_word' id='word_1_345' title='bbox 355 3992 554 4075; x_wconf 85' lang='lat' dir='ltr'>Wyncestre,</span> <span class='ocrx_word' id='word_1_346' title='bbox 563 3994 713 4056; x_wconf 88' lang='lat' dir='ltr'>salutem.</span> <span class='ocrx_word' id='word_1_347' title='bbox 750 3991 867 4056; x_wconf 86' lang='lat' dir='ltr'>Sciatis</span> <span class='ocrx_word' id='word_1_348' title='bbox 882 3991 968 4074; x_wconf 90' lang='lat' dir='ltr'>quod</span> <span class='ocrx_word' id='word_1_349' title='bbox 984 4013 1043 4074; x_wconf 88' lang='lat' dir='ltr'>ego</span> <span class='ocrx_word' id='word_1_350' title='bbox 1054 3999 1088 4055; x_wconf 91' lang='lat' dir='ltr'>et</span> <span class='ocrx_word' id='word_1_351' title='bbox 1102 3993 1206 4056; x_wconf 89' lang='lat' dir='ltr'>Alicia</span> <span class='ocrx_word' id='word_1_352' title='bbox 1240 3989 1374 4065; x_wconf 61' lang='grc' dir='ltr'>Ῑιιιιῑι</span> 
     </span>
     <span class='ocr_line' id='line_1_37' title="bbox 55 4067 1352 4172; baseline 0.003 -21"><span class='ocrx_word' id='word_1_353' title='bbox 55 4108 134 4151; x_wconf 83' lang='lat' dir='ltr'>uxor</span> <span class='ocrx_word' id='word_1_354' title='bbox 147 4109 222 4151; x_wconf 88' lang='lat' dir='ltr'>mea</span> <span class='ocrx_word' id='word_1_355' title='bbox 237 4087 384 4151; x_wconf 86' lang='lat' dir='ltr'>dedimus</span> <span class='ocrx_word' id='word_1_356' title='bbox 399 4094 434 4151; x_wconf 90' lang='lat' dir='ltr'>et</span> <span class='ocrx_word' id='word_1_357' title='bbox 448 4091 670 4167; x_wconf 86' lang='lat' dir='ltr'>concessimus,</span> <span class='ocrx_word' id='word_1_358' title='bbox 694 4088 827 4150; x_wconf 88' lang='lat' dir='ltr'>consilio</span> <span class='ocrx_word' id='word_1_359' title='bbox 847 4093 881 4152; x_wconf 91' lang='lat' dir='ltr'>et</span> <span class='ocrx_word' id='word_1_360' title='bbox 896 4087 1062 4151; x_wconf 86' lang='lat' dir='ltr'>voluntate</span> <span class='ocrx_word' id='word_1_361' title='bbox 1083 4090 1206 4154; x_wconf 89' lang='lat' dir='ltr'>domini</span> <span class='ocrx_word' id='word_1_362' title='bbox 1231 4123 1299 4171; x_wconf 74' lang='lat' dir='ltr'>Gran</span> <span class='ocrx_word' id='word_1_363' title='bbox 1293 4067 1320 4171; x_wconf 70' lang='lat' dir='ltr'>q</span> <span class='ocrx_word' id='word_1_364' title='bbox 1323 4126 1352 4172; x_wconf 85' lang='lat' dir='ltr'>of</span> 
     </span>
     <span class='ocr_line' id='line_1_38' title="bbox 54 4184 1365 4269; baseline 0.005 -24"><span class='ocrx_word' id='word_1_365' title='bbox 54 4187 154 4247; x_wconf 84' lang='lat' dir='ltr'>nostri</span> <span class='ocrx_word' id='word_1_366' title='bbox 181 4184 344 4247; x_wconf 89' lang='lat' dir='ltr'>Galfridi¹</span> <span class='ocrx_word' id='word_1_367' title='bbox 370 4187 509 4268; x_wconf 84' lang='lat' dir='ltr'>episcopi</span> <span class='ocrx_word' id='word_1_368' title='bbox 531 4185 696 4262; x_wconf 86' lang='lat' dir='ltr'>Dunelm.‚</span> <span class='ocrx_word' id='word_1_369' title='bbox 728 4184 870 4247; x_wconf 88' lang='lat' dir='ltr'>Robcrto</span> <span class='ocrx_word' id='word_1_370' title='bbox 900 4185 972 4247; x_wconf 92' lang='lat' dir='ltr'><strong>abb.</strong></span> <span class='ocrx_word' id='word_1_371' title='bbox 1001 4186 1086 4269; x_wconf 78' lang='lat' dir='ltr'>Novi</span> <span class='ocrx_word' id='word_1_372' title='bbox 1115 4187 1205 4250; x_wconf 90' lang='lat' dir='ltr'>Mon.</span> <span class='ocrx_word' id='word_1_373' title='bbox 1231 4189 1304 4237; x_wconf 76' lang='lat' dir='ltr'>salrw</span> <span class='ocrx_word' id='word_1_374' title='bbox 1306 4191 1365 4238; x_wconf 74' lang='lat' dir='ltr'>0³r¹&lt;</span> 
     </span>
     <span class='ocr_line' id='line_1_39' title="bbox 54 4255 1382 4384; baseline 0.003 -40"><span class='ocrx_word' id='word_1_375' title='bbox 54 4276 181 4344; x_wconf 87' lang='lat' dir='ltr'>salinas</span> <span class='ocrx_word' id='word_1_376' title='bbox 185 4286 312 4343; x_wconf 86' lang='lat' dir='ltr'>nostras</span> <span class='ocrx_word' id='word_1_377' title='bbox 327 4302 420 4363; x_wconf 90' lang='lat' dir='ltr'>super</span> <span class='ocrx_word' id='word_1_378' title='bbox 434 4282 579 4344; x_wconf 89' lang='lat' dir='ltr'>Blitbam</span> <span class='ocrx_word' id='word_1_379' title='bbox 580 4289 764 4364; x_wconf 90' lang='lat' dir='ltr'>,quantum</span> <span class='ocrx_word' id='word_1_380' title='bbox 778 4282 859 4344; x_wconf 90' lang='lat' dir='ltr'>salsa</span> <span class='ocrx_word' id='word_1_381' title='bbox 874 4283 970 4343; x_wconf 89' lang='lat' dir='ltr'>maris</span> <span class='ocrx_word' id='word_1_382' title='bbox 985 4258 1128 4347; x_wconf 90' lang='lat' dir='ltr'>ascendit</span> <span class='ocrx_word' id='word_1_383' title='bbox 1114 4290 1207 4368; x_wconf 90' lang='lat' dir='ltr'>t,per</span> <span class='ocrx_word' id='word_1_384' title='bbox 1231 4321 1265 4384; x_wconf 78' lang='lat' dir='ltr'>ty</span> <span class='ocrx_word' id='word_1_385' title='bbox 1230 4255 1374 4369; x_wconf 52' lang='lat' dir='ltr'>⁰⁰{lgbm&#39;</span> <span class='ocrx_word' id='word_1_386' title='bbox 1351 4322 1382 4369; x_wconf 80' lang='lat' dir='ltr'>do</span> 
     </span>
    </p>
   </div>
   <div class='ocr_carea' id='block_1_9' title="bbox 52 4376 1362 4570">
    <p class='ocr_par' dir='ltr' id='par_1_9' title="bbox 52 4376 1362 4558">
     <span class='ocr_line' id='line_1_40' title="bbox 52 4376 1362 4501; baseline 0.002 -62"><span class='ocrx_word' id='word_1_387' title='bbox 52 4379 136 4460; x_wconf 85' lang='lat' dir='ltr'>ipsas</span> <span class='ocrx_word' id='word_1_388' title='bbox 149 4398 244 4442; x_wconf 84' lang='lat' dir='ltr'>areas</span> <span class='ocrx_word' id='word_1_389' title='bbox 259 4376 433 4440; x_wconf 88' lang='lat' dir='ltr'>salinarum</span> <span class='ocrx_word' id='word_1_390' title='bbox 448 4398 555 4441; x_wconf 86' lang='lat' dir='ltr'>versus</span> <span class='ocrx_word' id='word_1_391' title='bbox 576 4378 770 4460; x_wconf 87' lang='lat' dir='ltr'>aquilonem,</span> <span class='ocrx_word' id='word_1_392' title='bbox 786 4398 860 4439; x_wconf 88' lang='lat' dir='ltr'>cum</span> <span class='ocrx_word' id='word_1_393' title='bbox 880 4378 1020 4441; x_wconf 87' lang='lat' dir='ltr'>toftot</span> <span class='ocrx_word' id='word_1_394' title='bbox 987 4384 1020 4441; x_wconf 91' lang='lat' dir='ltr'>et</span> <span class='ocrx_word' id='word_1_395' title='bbox 1043 4381 1179 4457; x_wconf 85' lang='lat' dir='ltr'>orosto,</span> <span class='ocrx_word' id='word_1_396' title='bbox 1170 4402 1205 4443; x_wconf 87' lang='grc' dir='ltr'>ιιι</span> <span class='ocrx_word' id='word_1_397' title='bbox 1230 4385 1290 4501; x_wconf 56' lang='grc' dir='ltr'>ἲιὲἰι</span> <span class='ocrx_word' id='word_1_398' title='bbox 1265 4386 1362 4436; x_wconf 79' lang='lat' dir='ltr'>1n·ehes</span> 
     </span>
     <span class='ocr_line' id='line_1_41' title="bbox 377 4500 876 4570; baseline -0.002 -14"><span class='ocrx_word' id='word_1_399' title='bbox 377 4503 386 4535; x_wconf 95' lang='lat'>¹</span> <span class='ocrx_word' id='word_1_400' title='bbox 406 4501 515 4558; x_wconf 78' lang='lat' dir='ltr'>Galind</span> <span class='ocrx_word' id='word_1_401' title='bbox 527 4502 626 4570; x_wconf 83' lang='lat' dir='ltr'>Rufus</span> <span class='ocrx_word' id='word_1_402' title='bbox 639 4516 694 4556; x_wconf 82' lang='grc' dir='ltr'>ι..ιι</span> <span class='ocrx_word' id='word_1_403' title='bbox 710 4500 876 4555; x_wconf 59' lang='grc'><strong>11334140.</strong></span> 
     </span>
    </p>
   </div>
   <div class='ocr_carea' id='block_1_10' title="bbox 0 0 1474 5048">
    <p class='ocr_par' dir='ltr' id='par_1_10' title="bbox 0 0 1474 5048">
     <span class='ocr_line' id='line_1_42' title="bbox 0 0 1474 5048; baseline 0 1"><span class='ocrx_word' id='word_1_404' title='bbox 0 0 1474 5048; x_wconf 95' lang='lat' dir='ltr'> </span> 
     </span>
    </p>
   </div>
  </div>
 </body>
</html>
