2940 5048
74 1234 634 1320 uHAnnunAmnM
675 1235 1046 1320 ABBATHIAE
1089 1238 1183 1342 nn
1260 1168 1418 1376 ‘''···j.³s‚532

293 1427 474 1512 novo
519 1427 978 1516 monusnnmn
1351 1378 1384 1400 ”
1422 1366 1441 1411 ”

528 1680 744 1726 -ηοέοζοο-

56 1931 253 1994 Ruuumnns
274 1948 315 1992 nn
336 1929 476 1991 Mnumu
497 1930 647 1991 omnibus
670 1935 788 1992 sanctae
806 1930 947 1994 ecelesias
962 1931 1049 2011 filiis,
1064 1933 1208 2015 Francis,
1235 1941 1312 2021 caua

54 2027 214 2110 Anglieis‚
245 2027 369 2088 clericis
399 2031 433 2088 et
462 2025 564 2102 laicis,
595 2027 806 2107 praesantibus
835 2032 869 2089 et
898 2029 1028 2108 futuris,
1058 2031 1207 2094 salutem.
1228 2024 1323 2074 pnma.

56 2124 176 2186 Sciatis
188 2143 241 2186 me
251 2123 415 2185 communi
426 2121 560 2184 consilio
571 2127 604 2184 et
615 2141 769 2184 consensu
781 2123 887 2184 uxoris
899 2143 978 2186 meae
990 2130 1024 2187 et
1035 2144 1208 2207 puerorum

55 2240 213 2294 meorum,
229 2219 354 2282 dedisse
370 2220 405 2279 in
420 2217 517 2280 feudo
532 2222 566 2280 at
581 2219 616 2278 in
631 2217 839 2280 elemosinam
855 2220 1019 2282 monachis
1034 2221 1208 2286 Abbathiae

56 2317 143 2378 Novi
169 2315 361 2378 Monastsn’i
387 2334 486 2397 quam
509 2334 569 2396 ego
593 2314 662 2397 ipse
687 2317 850 2377 construxi
874 2336 932 2398 pro
956 2317 1059 2380 saluts
1080 2339 1153 2382 mea
1173 2326 1208 2383 et
1232 2335 1351 2402 Ranulph

55 2414 166 2474 uxoris
181 2432 262 2474 meua
277 2416 311 2473 ei
326 2431 498 2493 puerorum
513 2431 657 2472 meorum
674 2416 707 2473 et
719 2411 922 2474 dominorum
939 2434 1082 2477 meorum
1094 2422 1128 2479 et
1139 2437 1209 2479 om·
1232 2400 1384 2518 fflgffggr·

55 2510 150 2570 nium
173 2513 410 2570 antecessorum
432 2526 577 2568 meorum
600 2511 633 2568 et
651 2527 708 2588 pro
731 2508 899 2570 animabus
921 2511 1023 2591 patris
1037 2515 1072 2573 et
1093 2513 1207 2576 matris
1233 2533 1342 2583 ornav-

55 2624 147 2676 meae,
172 2609 342 2686 parantum
366 2607 400 2664 et
426 2602 603 2664 amicorum
629 2622 773 2664 meorum
799 2610 1032 2688 cuntorumqua
1062 2606 1207 2670 fidelium
1232 2599 1346 2651 minster.

54 2701 292 2773 defunctorum,
302 2698 475 2761 Rittunam
487 2703 520 2760 at
531 2698 686 2780 quicquid
697 2698 738 2760 ad
753 2699 844 2761 illam
859 2702 1012 2782 pertinet,
1021 2708 1056 2765 et
1067 2704 1102 2764 in
1114 2704 1207 2766 bosco
1232 2711 1329 2769 Ritton.

54 2798 145 2859 etin
167 2795 274 2877 plano,
289 2799 323 2857 et
343 2800 469 2876 partem
491 2794 580 2857 silvae
600 2794 640 2856 de
656 2794 807 2856 Wiituna
827 2797 912 2858 sicut
932 2798 979 2859 eis
999 2819 1106 2861 coram
1126 2801 1207 2863 meis
1231 2776 1382 2907 gfflley

55 2891 241 2954 hominibus
253 2891 359 2968 divisi,
369 2894 403 2952 at
413 2894 517 2952 totam
527 2888 645 2952 vallem
656 2891 741 2952 inter
756 2889 914 2973 Morpada
925 2899 958 2955 et
970 2893 1104 2958 Milford
1113 2894 1206 2982 (aiu),
1231 2908 1344 2958 between

55 2988 211 3050 videlicet
234 3007 273 3048 ex
295 3005 361 3047 una
384 2990 476 3068 parta
498 3006 589 3068 aquae
611 3005 631 3047 a
653 2990 740 3048 recta
761 2987 864 3050 divisa
886 2989 973 3052 inter
994 2990 1152 3074 Mamuda
1172 2999 1208 3055 at
1230 2974 1353 3090 {ffiffi

56 3084 180 3158 Hebre,
195 3088 228 3144 et
242 3084 326 3145 sicut
341 3083 441 3144 currit
464 3081 587 3143 rivulus
609 3082 666 3163 qui
682 3089 813 3144 vocatur
836 3084 990 3163 Fulebek‚
1006 3091 1039 3148 et
1061 3089 1149 3152 cadit
1171 3091 1207 3152 in
1230 3104 1295 3157 ford.

56 3179 306 3261 Gottingburna‚
321 3183 355 3240 et
377 3178 462 3240 sieut
484 3179 586 3240 currit
601 3176 839 3259 Gottingburna
861 3180 973 3242 subtus
988 3182 1135 3266 Prestley
1149 3206 1206 3267 per

55 3296 156 3338 unam
180 3275 317 3337 divisam
341 3294 439 3356 quam
463 3274 510 3336 eis
534 3294 641 3337 coram
666 3275 747 3336 meis
768 3274 951 3338 hominibus
974 3277 1034 3338 feci
1050 3299 1150 3361 usque
1170 3283 1206 3342 in

55 3372 237 3454 Wenespic,
253 3377 286 3433 et
301 3371 347 3432 sic
362 3389 461 3452 usque
477 3369 517 3431 ad
533 3369 671 3432 divisam
685 3371 772 3432 intur
786 3390 838 3432 me
853 3375 887 3434 at
901 3371 1105 3437 Willelmum
1129 3376 1207 3438 Ber·
1231 3392 1283 3442 Tho
1293 3393 1382 3444 wans-

55 3474 152 3540 tmm,
168 3468 322 3551 quioquid
345 3467 392 3528 ibi
415 3471 464 3529 est
486 3467 523 3528 in
545 3466 639 3528 bosco
662 3473 695 3528 et
717 3468 753 3528 in
775 3467 881 3549 planu,
897 3472 930 3531 et
945 3489 983 3530 ex
998 3469 1100 3534 altura
1114 3479 1205 3555 parta
1230 3458 1302 3510 beck.

55 3585 147 3647 aquae
162 3584 220 3646 per
231 3565 337 3645 ipsum
353 3561 560 3644 supercilium
576 3563 695 3624 montis
707 3584 746 3624 ex
757 3567 933 3628 transverso
943 3587 1041 3649 usque
1053 3568 1094 3630 ad
1105 3590 1205 3632 unum

55 3660 147 3723 lacha
162 3657 254 3743 (aiu),
266 3665 300 3720 et
315 3658 400 3721 sicut
408 3657 467 3720 illa
481 3657 573 3720 lacha
582 3657 673 3719 vadit
686 3678 785 3740 usque
794 3659 944 3745 Wdedig,
955 3670 988 3725 et
998 3684 1056 3746 per
1066 3665 1206 3748 Wdadig

56 3776 158 3838 usque
181 3755 345 3831 Mandane,
361 3758 395 3816 et
417 3774 473 3836 per
495 3752 649 3815 Mardene
671 3774 771 3835 usque
791 3756 827 3815 in
841 3756 1019 3840 Wenespic,
1035 3766 1069 3822 et
1089 3761 1204 3822 silvam

56 3858 91 3914 et
104 3860 236 3914 terram.
262 3851 306 3912 Et
320 3851 458 3913 concedo
473 3853 510 3912 ut
525 3848 666 3911 habeant
680 3849 819 3913 liberum
833 3854 954 3914 exitum
964 3857 1107 3935 pecuniae
1120 3856 1126 3893 ¹
1141 3878 1205 3919 suae

56 3947 96 4009 ad
118 3967 323 4010 communem
345 3950 510 4028 pasturam
532 3946 637 4007 tocius
657 3951 750 4008 terrae
764 3966 854 4008 meae.
901 3948 944 4009 Et
959 3950 1044 4030 apud
1059 3950 1204 4014 Wlacam
1232 3969 1355 4032 Ulghnm:

56 4043 97 4106 ad
116 4044 343 4106 construendas
362 4042 514 4124 grangias
534 4061 606 4103 suas
626 4041 701 4103 dadi
720 4043 766 4104 eis
786 4062 806 4103 a
825 4042 903 4104 nido
918 4043 1034 4124 aquilae
1049 4050 1204 4130 usquead
1230 4036 1382 4153 {mtssfflff'

56 4140 178 4202 sontem
188 4139 321 4222 Egardi,
330 4143 364 4201 et
375 4135 494 4221 (siout)
505 4137 607 4198 currit
622 4137 745 4199 rivulus
756 4137 899 4220 ejusdem
914 4139 1012 4204 fontis
1027 4142 1062 4204 in
1076 4143 1204 4232 Linum,
1232 4119 1335 4230 affusi.

109 4307 116 4336 ¹
135 4305 172 4361 So
184 4306 214 4360 in
225 4305 274 4360 the
287 4303 358 4372 MS„
370 4321 387 4357 a
398 4303 506 4358 carious
518 4303 623 4374 though
635 4311 684 4358 not
695 4322 855 4360 uneommon
868 4313 960 4362 ratum
972 4313 1002 4363 to
1020 4310 1068 4363 tha
1086 4312 1204 4383 ‘prehis-
1231 4234 1306 4283 well·

57 4384 136 4439 toric’
147 4402 194 4440 use
206 4384 239 4438 os
248 4383 296 4438 the
307 4383 390 4437 word.
427 4383 460 4436 In
472 4382 519 4436 tha
530 4383 716 4437 confirmation
728 4384 835 4438 chartar
847 4385 868 4439 it
881 4384 904 4440 is
917 4388 1044 4459 ‘peculim
1060 4392 1133 4445 suia!

620 4477 641 4525 Β
