2940 5048
427 323 475 377 nu
499 322 595 377 novo
620 323 857 377 noussraaro.
1340 303 1387 375 43

44 495 232 555 nost-rorum
258 492 348 557 Abb.
371 498 406 556 et
427 514 490 556 mo
513 492 598 556 Novi
621 493 743 556 Mon.
734 493 930 576 inspeximus
952 493 1213 556 confirmaciones
1238 505 1336 553 ventor

46 589 277 652 venerabilum
294 595 425 672 patrum
441 590 589 673 Hugonis
604 589 695 652 bonae
710 591 871 653 memoriae
893 591 1035 672 episcopi
1062 571 1360 652 Dunelm.1>¹²¹¹¹¹·¹¹

47 685 87 747 de
110 686 412 768 composicionibus
437 687 657 749 decimarum
648 706 682 748 ιιι
684 691 734 747 ter
684 686 922 748 tecclesiam
947 686 1031 747 Novi
1061 686 1152 748 Mon.
1180 691 1214 746 et

50 781 204 845 ecclesias
219 782 264 846 de
272 783 437 895 Morpath
452 784 541 846 etde
564 784 713 861 Mitt'ord,
728 788 762 846 et
784 784 907 845 domini
932 783 1081 845 Nicholai
1102 788 1213 864 postea

52 878 209 941 Dunelm.
227 880 374 963 episcopi
399 879 471 943 de·
453 879 742 962 composicionibus
765 880 962 942 decimarum
984 880 1069 941 inter
1091 878 1213 940 dictam

54 975 228 1039 ecclesiam
243 976 333 1039 Novi
347 976 537 1039 Monasterii
553 984 588 1039 et
603 977 750 1039 ecclesias
766 977 806 1039 de
821 976 990 1037 Alwenton
998 982 1032 1037 et
1044 976 1084 1038 de
1096 975 1212 1049 Eland,
1238 973 1366 1024 alwinum

56 1072 173 1156 quibus
196 1072 376 1156 diligenter
396 1074 549 1155 inspectis
571 1093 646 1134 cum
676 1072 793 1155 sigillis
815 1092 926 1134 eorum
949 1073 1133 1147 autenticis,
1156 1092 1213 1133 nos
1238 1040 1389 1156 pndeonre

56 1170 192 1253 pietatis
218 1171 347 1232 intuitu
368 1174 526 1252 quantum
543 1170 585 1232 ad
606 1189 663 1232 nos
683 1174 808 1252 spectat
830 1168 932 1230 dictas
955 1169 1214 1231 confirmaciones

57 1266 329 1345 concedimuset
351 1266 500 1349 praesenti
523 1267 643 1349 scripto
665 1286 740 1327 cum
762 1264 861 1347 sigilli
876 1267 988 1327 nostri
1009 1268 1214 1349 apposicione

58 1363 311 1425 communimus.
356 1362 515 1438 Testibus,
530 1360 673 1445 capitulo
689 1368 809 1424 nostro.

127 1552 238 1639 (ιιι.)
261 1553 429 1632 Omnibus,
459 1561 521 1616 etc.
567 1554 659 1616 Prior
688 1553 729 1616 de
753 1553 926 1616 Lanrecost
956 1559 990 1616 et
1020 1553 1214 1631 Conventus,
1300 1568 1327 1631 xj

60 1649 213 1714 salutem.
258 1651 308 1713 Ad
331 1651 548 1713 universitatis
563 1655 676 1713 vestrae
698 1651 853 1711 noticiam
869 1649 1014 1712 volumus
1036 1653 1213 1733 pervenire,
1238 1634 1373 1765 gabim*

62 1748 149 1829 quod
173 1767 249 1809 cum
272 1747 358 1809 inter
382 1746 546 1829 religiosos
569 1749 653 1809 viros
676 1745 759 1808 Abb.
783 1751 817 1808 et
839 1744 938 1810 Conv
959 1746 1043 1809 Novi
1066 1748 1155 1809 Mon.
1179 1754 1269 1815 etr
1239 1767 1276 1830 pri
1277 1784 1347 1816 oran
1333 1766 1366 1816 nd

62 1843 236 1906 eeclesiam
249 1848 394 1905 nostram
416 1844 456 1905 de
479 1842 616 1905 Mitford
631 1842 802 1905 convencio
818 1862 874 1904 seu
888 1845 1081 1925 composicio
1096 1846 1214 1906 amica·
1238 1848 1306 1947 ffi
1303 1834 1385 1956 magiis

62 1940 138 2002 bilis
164 1941 249 2002 inita
271 1940 384 2002 fuisset
404 1960 498 2022 super
521 1939 655 2002 decimis
677 1939 821 2022 grangiae
843 1939 883 2001 de
906 1939 1065 2001 Hcithlau
1084 1941 1153 2002 sitae
1179 1942 1213 2000 in
1238 1964 1345 2013 oreom-

63 2036 220 2119 parocbia
234 2036 275 2098 de
290 2035 439 2113 Mitiord,
454 2035 588 2113 scilicet,
603 2041 643 2097 ut
656 2036 734 2098 dict
725 2056 736 2097 1
760 2035 901 2116 religiosi
916 2035 1031 2096 darent
1045 2041 1166 2096 annuat
1165 2037 1214 2096 im
1239 2045 1350 2143 {05ss
1272 2028 1347 2078 ⁸¹¹i⁰¹¹

63 2152 123 2214 pro
138 2133 223 2194 bono
238 2133 326 2214 pacis
340 2152 398 2215 pro
413 2133 491 2214 ipsis
505 2132 640 2194 decimis
651 2132 747 2194 dictae
756 2130 933 2193 ecclesise'
912 2151 934 2213 1J
947 2151 1068 2192 marcas
1077 2151 1174 2212 angen
1176 2133 1214 2208 ti,
1176 2111 1301 2209 tsi„w
1283 2111 1389 2209 cosm

62 2229 174 2290 sicud
164 2249 199 2291 ιιι
209 2227 454 2291 confirmacione
469 2228 560 2291 bonae
570 2229 732 2290 memorias
744 2228 893 2337 Hugouis
908 2229 1049 2309 episcopi
1064 2228 1213 2289 Dunelm.
1239 2225 1276 2276 Mi
1278 2226 1353 2278 troia

61 2331 98 2388 et
113 2325 205 2388 bonae
221 2327 384 2388 memoriae
397 2324 546 2387 Nicholai
561 2325 747 2386 successoris
763 2325 811 2384 sui
828 2323 953 2406 plenius
969 2325 1163 2401 continetur,
1179 2331 1214 2386 et

62 2441 121 2503 per
135 2420 318 2503 capitulum
327 2420 476 2484 Dunelm.
489 2419 688 2482 ratificatum
703 2425 738 2481 et
748 2419 985 2497 confirmatum,
997 2419 1064 2482 Nos
1079 2421 1214 2483 eandem

62 2519 316 2580 consensionem
331 2538 387 2579 seu
401 2517 669 2600 composicionem
691 2522 795 2579 ratam
817 2515 972 2579 habemus
995 2521 1030 2577 et
1052 2519 1214 2599 perpetuis

64 2613 265 2696 temporibus
279 2613 386 2675 valere
408 2613 619 2690 decrevimus,
638 2614 743 2674 eciam
765 2613 793 2673 si
816 2613 904 2674 dicta
927 2615 1063 2695 grangia
1085 2615 1120 2675 in
1143 2620 1213 2676 toto

65 2710 116 2773 vel
131 2712 167 2772 in
183 2716 275 2793 parte
290 2710 331 2772 ad
347 2730 459 2772 manus
475 2709 675 2773 secularium
685 2710 861 2791 contigerit
876 2708 1036 2785 devenire,
1052 2711 1111 2788 ιιι,
1127 2711 1215 2773 vide-

63 2807 154 2883 licet,
169 2805 255 2889 quod
270 2806 353 2868 dicti
370 2805 476 2869 Abbas
490 2811 524 2868 et
539 2804 722 2869 Conventus
741 2804 833 2867 nobis
853 2803 892 2867 de
913 2804 1001 2867 dicta
1023 2807 1174 2886 pensione
1189 2807 1211 2891 ij

65 2923 247 2966 marcarum
262 2901 403 2964 fideliter
412 2902 527 2965 termis
542 2903 577 2963 in
592 2901 681 2963 dicta
691 2902 925 2984 composicione
937 2903 1108 2984 assignatis
1123 2904 1216 2964 satis·

64 3000 199 3071 faciant,
214 2997 300 3061 etde
316 2996 522 3060 saeounribus
531 2998 565 3058 in
575 2997 664 3060 dicta
674 2997 810 3080 grangia
821 2997 1062 3059 demorantibus
1074 2998 1215 3061 decimas

65 3097 213 3158 omnium
225 3093 467 3157 decimabilium
479 3095 712 3177 possessionum
724 3094 915 3176 percipiant,
927 3094 995 3155 viso
1007 3099 1115 3156 tamen
1129 3096 1214 3176 quod

64 3191 232 3255 saeculares
250 3193 285 3253 in
300 3191 390 3252 dicta
407 3191 542 3272 grangia
564 3189 765 3252 demorantes
788 3189 978 3266 oblaciones,
994 3189 1214 3264 obvencioues,

63 3287 253 3366 mortuaria,
268 3291 302 3348 et
317 3287 344 3348 si
361 3306 435 3369 quae
458 3291 534 3348 sunt
555 3287 627 3350 aliae
649 3286 784 3349 decimae
807 3284 1000 3368 personales,
1019 3284 1159 3347 ecclesiae
1174 3287 1214 3347 de

64 3383 205 3447 Mitford
221 3382 262 3444 ad
277 3382 411 3467 plenum
425 3382 619 3464 persolvant.

132 3575 267 3659 Septem
283 3580 360 3637 sunt
374 3575 517 3657 antiquae
531 3573 635 3638 literae
655 3595 735 3657 quas
752 3573 932 3636 habemus
923 3593 957 3634 ιιι
981 3574 1043 3635 isto
1059 3573 1139 3636 loco¹
1157 3594 1214 3657 pro
1296 3609 1335 3649 ,u

66 3672 193 3735 decima
208 3672 353 3756 grangiae
368 3671 408 3733 de
423 3670 564 3746 Horton‚
579 3691 717 3753 quarum
740 3671 846 3752 prima
868 3674 918 3732 est
933 3670 1091 3731 Willelmi
1114 3693 1215 3753 quon·
1239 3666 1319 3716 &¹⁰¹¹
1331 3666 1376 3718 ⁰¹¹1

68 3768 141 3831 dam
157 3769 290 3831 rectoris
305 3767 446 3830 ecclesias
457 3765 498 3828 de
510 3766 627 3843 Elsnd‚
639 3767 777 3830 secunda
792 3772 826 3829 et
837 3766 936 3828 tercia
950 3767 1041 3829 bonae
1050 3767 1215 3832 memorias
1239 3733 1334 3784 lm

67 3865 189 3927 domini
220 3863 371 3927 Ottauis²
392 3861 554 3945 quondam
580 3861 721 3944 legati'
712 3883 745 3924 m
778 3862 907 3946 singlis,
937 3867 1052 3943 quarta
1082 3862 1215 3925 Roberti

67 3960 252 4024 Mantalent
266 3959 427 4041 quondam
448 3958 581 4020 rectoris
596 3958 739 4041 ejusdem
761 3957 914 4035 ecclesiae,
931 3959 1046 4039 quinta
1066 3959 1214 4022 Nicholai

67 4056 214 4121 Dunelm.
247 4055 402 4139 episcopi,
433 4060 523 4116 sexta
552 4055 689 4137 capituli
712 4054 852 4117 ecclesiae
882 4054 1045 4130 Dunelm.,
1078 4058 1215 4139 septima

66 4156 209 4238 magistri
236 4153 320 4215 Adae
338 4151 378 4213 de
393 4149 543 4224 Driffeld‚
570 4152 702 4213 rectoris
726 4150 868 4213 ecclesiae
890 4150 930 4213 de
961 4150 1152 4230 Ponteland,
1174 4155 1214 4217 de

65 4251 222 4315 solucione
239 4249 286 4312 lx.
303 4247 395 4309 solid.
412 4267 470 4329 per
484 4266 617 4308 annum.

260 4393 272 4424 ¹
292 4389 344 4444 See
356 4396 428 4457 note,
441 4408 466 4462 p.
477 4390 521 4444 27.

262 4468 276 4502 ¹
292 4468 329 4524 So
340 4467 370 4523 in
382 4467 450 4538 MS,
463 4468 591 4540 probably
603 4469 631 4523 in
643 4485 716 4523 error
728 4466 769 4522 ior
780 4468 896 4539 Ottonis,
908 4468 952 4524 is.
966 4469 1089 4526 Othonis.
