2940 5048
382 330 432 385 DE
454 329 549 384 NOVO
575 328 812 384 montaneam.

27 482 208 563 {enemente
231 499 509 584 qualitercumque
531 498 763 584 spectantibus,
785 519 860 563 cum
882 519 969 563 omn.
984 501 1050 562 suis
1073 502 1173 583 perti-

26 597 151 659 nenciis.
200 595 352 659 Habend.
376 601 411 659 et
433 590 564 660 tenend.
587 596 741 679 predicto
765 595 920 673 Johanni,
946 595 1111 659 Willelmo
1138 602 1173 661 et

24 692 215 770 Alexandro,
230 691 402 756 heredibus
424 696 458 755 et
471 691 538 754 suis
559 691 740 774 assignatis,
754 690 795 754 de
817 692 1010 774 capitalibus
1033 692 1172 755 dominis

23 787 105 853 leodi
119 789 224 869 illius,
238 809 295 872 per
310 788 445 852 servicia
458 788 536 852 inde
550 787 663 852 debita
676 792 711 852 et
725 787 766 851 de
787 787 861 871 jure
875 793 1038 867 consueta,
1059 789 1172 866 libere,

23 887 135 970 quiete
166 891 204 950 et
243 886 391 969 pacifice,
413 885 652 968 inperpetuum.
709 885 755 948 Et
784 905 844 968 ego
874 886 970 968 praed.
999 885 1172 964 Robertus,

21 980 164 1059 heredes,
180 986 215 1046 et
228 982 386 1066 assignati
400 981 477 1060 mei,
491 981 602 1043 omnia
616 980 773 1064 praedicta
794 987 896 1043 terras
918 986 952 1043 et
974 986 1172 1057 tenementa,

21 1098 97 1141 cnm
116 1077 271 1141 omnibus
285 1079 427 1141 serviciis
441 1077 617 1141 liberorum
631 1079 820 1140 tenencium
836 1083 871 1140 et
885 1079 1081 1155 nativorum,
1097 1100 1171 1143 cum

20 1194 133 1238 eorum
158 1175 253 1238 sectis
278 1178 314 1239 et
339 1173 489 1258 sequelis,
514 1194 678 1236 unacum
702 1174 853 1236 omnibus
877 1175 985 1252 moris,
1011 1177 1172 1251 marescis,

20 1270 190 1348 turbariis,
205 1270 358 1354 piscariis,
374 1271 518 1346 vivariis,
533 1270 668 1352 stagnis,
683 1268 811 1344 clausis,
826 1271 940 1352 parcis,
955 1269 1172 1347 columbariis,

21 1367 151 1451 pascitis
179 1370 215 1430 et
237 1367 388 1450 pasturis,
413 1386 489 1429 cum
512 1385 599 1428 omn.
624 1364 832 1428 libertatibus
858 1371 894 1428 et
919 1368 1115 1446 asiamentis,
1137 1373 1193 1430 et.

22 1482 112 1526 omn.
134 1462 209 1526 aliis
231 1463 450 1546 pertinenciis,
464 1462 609 1545 praefatis
631 1460 785 1540 Johanni,
799 1461 964 1526 Willelmo
979 1469 1013 1525 et
1033 1462 1172 1525 Alexan·

22 1558 93 1637 dro,
106 1558 281 1622 heredibus
296 1562 330 1622 et
345 1558 515 1642 assignatis
541 1558 617 1632 suis,
632 1561 745 1619 contra
767 1578 876 1621 omnes
897 1564 1010 1641 gentes
1025 1560 1173 1622 waranti-

23 1654 180 1732 zabimus,
193 1655 449 1737 acquietabimus
464 1658 499 1717 et
513 1654 741 1736 inperpetuum
755 1653 973 1717 defendemus.
1018 1655 1059 1717 In
1081 1655 1171 1738 eujus

23 1751 70 1815 rei
83 1751 312 1815 testimonium
325 1750 403 1813 huic
417 1751 568 1833 praesenti
583 1754 681 1813 cartae
695 1770 774 1812 meae
790 1750 935 1833 sigillum
949 1772 1059 1814 meum
1073 1771 1173 1835 appo·

24 1846 85 1911 aui.
132 1846 179 1910 Et
201 1847 244 1910 ad
267 1847 456 1911 intrandum
481 1847 517 1908 in
540 1846 695 1930 praedicta
717 1851 819 1909 terras
841 1852 875 1909 et
894 1851 1082 1910 tenementa
1101 1867 1173 1910 mea

23 1964 101 2007 cnm
123 1943 277 2007 omnibus
302 1943 368 2006 suis
391 1943 610 2025 pertinenciis,
625 1947 659 2005 et
684 1943 761 2005 inde
783 1964 840 2025 pro
863 1964 915 2006 me
935 1948 969 2005 et
989 1945 1024 2006 in
1042 1945 1173 2006 nomine

24 2060 110 2117 meo,
123 2037 257 2124 plenam
271 2044 306 2102 et
320 2038 489 2123 pacificam
503 2040 734 2122 possessionem
750 2044 785 2101 et
801 2040 961 2114 seisinam,
977 2040 1172 2103 deliberand.

24 2136 169 2219 prefatis
190 2134 345 2213 Johanni,
366 2133 532 2198 Willelmo
558 2140 593 2197 et
614 2134 804 2211 Alexandro,
825 2135 998 2197 secundum
1017 2137 1094 2210 vim,
1110 2138 1174 2197 for-

24 2252 114 2295 mam
128 2236 166 2294 et
179 2231 335 2294 effectum
348 2232 517 2315 praesentis
531 2235 629 2294 cartae
644 2251 735 2308 meae,
758 2232 912 2293 constitui
928 2236 964 2295 et
978 2232 1124 2294 ordinavi
1140 2237 1174 2293 et

25 2329 61 2391 in
75 2327 149 2390 loco
162 2346 235 2390 meo
250 2328 343 2410 posui
359 2327 516 2390 dilectum
531 2326 632 2388 michi
647 2327 681 2388 in
699 2325 826 2389 Christo
841 2327 1020 2390 Robertum
1036 2327 1174 2410 Horsley

25 2422 67 2487 de
83 2423 263 2507 Mylnbum
289 2443 398 2486 meum
418 2442 530 2485 verum
556 2426 593 2485 et
617 2421 803 2503 legitimum
821 2421 941 2507 (104b)
963 2429 1174 2499 attornatnm,

25 2540 102 2583 cum
127 2525 164 2583 et
185 2521 221 2582 in
241 2518 337 2603 plena
359 2522 520 2602 potestate
542 2539 614 2581 mea
635 2524 744 2580 ratum
762 2524 795 2581 et
817 2523 946 2601 gratum
964 2520 1118 2584 habentes
1141 2526 1176 2583 et

24 2616 197 2680 habiturus
211 2621 319 2679 totum
333 2621 368 2680 et
382 2615 537 2699 quicquid
552 2616 657 2678 dictus
671 2619 852 2677 attornatus
863 2636 954 2678 meus
969 2638 1027 2699 pro
1042 2638 1094 2680 me
1117 2623 1176 2680 aut

24 2712 159 2776 nomine
182 2732 257 2775 meo
281 2711 395 2775 fecerit
417 2712 453 2773 in
476 2711 658 2794 praemissis.
705 2710 745 2773 In
768 2711 860 2795 cujus
883 2715 930 2775 rei
954 2714 1175 2776 testimonium

24 2808 101 2871 huic
115 2808 269 2892 prasenti
284 2811 381 2871 cartae
402 2827 484 2870 meae
506 2806 652 2889 sigillum
673 2827 784 2869 meum
807 2809 951 2890 apposui.
996 2809 1072 2872 Dat.
1087 2810 1175 2892 apud

26 2903 190 2987 Echevvylr
214 2905 360 2988 praedict.
385 2903 440 2966 die
463 2903 583 2966 mensis
607 2902 690 2966 Maii
716 2909 840 2981 octavo,
865 2925 949 2968 anno
975 2908 1068 2988 regni
1091 2907 1176 2988 regis
1199 2922 1259 2986 Moy
1273 2926 1295 2980 s,

26 3000 162 3063 Henrici
176 2999 312 3084 septimi
325 3004 400 3083 post
413 2998 627 3082 conquestum
641 2997 769 3084 Angliae
784 3004 910 3083 quarto.
1199 3004 1250 3040 Μ’·
1265 2992 1336 3040 ¹⁴²⁶·

311 3308 520 3378 SECUNDA
546 3310 611 3376 Du
631 3310 896 3379 EGHEWYKE.

92 3487 255 3553 Omnibus
285 3486 347 3549 hoc
377 3487 534 3568 scriptum
565 3487 679 3549 visuris
709 3487 760 3550 vel
791 3489 961 3552 audituris.
1015 3490 1177 3554 Robertus
1201 3519 1335 3570 omnm.

26 3584 141 3649 Elmet
156 3585 197 3649 de
220 3583 413 3666 Echewylre,
428 3583 566 3646 salutem
588 3585 624 3645 in
646 3583 787 3647 Domino
809 3587 1048 3667 sempiternam.
1095 3588 1176 3653 cum
1200 3585 1294 3636 tionof
1308 3583 1353 3632 “¹⁰

27 3680 192 3745 moesus
218 3679 318 3743 abbas
340 3680 426 3743 Novi
452 3678 644 3742 Monasterii
669 3679 767 3762 juxa
788 3681 953 3765 Morpau,
976 3689 1010 3746 et
1033 3685 1178 3769 ejusdem
1200 3654 1325 3767 tm

24 3778 91 3841 loci
106 3782 285 3841 conventus
300 3777 441 3840 babeant
456 3785 490 3839 et
505 3781 640 3839 teneant
648 3777 694 3839 eis
706 3781 740 3838 et
750 3778 815 3840 suis
826 3781 1055 3844 successoribus
1070 3783 1179 3845 omnia
1202 3782 1313 3834 sorab-

27 3877 131 3935 terras
145 3876 181 3934 et
195 3876 386 3935 tenementa
400 3872 435 3933 in
451 3869 643 3955 Echevvyke,
655 3890 730 3933 cum
747 3873 896 3936 omnibus
910 3876 1052 3938 serviciis
1064 3877 1180 3939 libero-
1202 3851 1258 3915 Μ’·

27 3986 103 4031 rum
117 3968 308 4030 tenencium
323 3971 357 4029 et
371 3968 568 4044 nativorum,
583 3987 660 4028 cum
682 3987 792 4029 eorum
815 3971 959 4058 sectisset
982 3973 1130 4054 sequelis,
1145 3978 1181 4035 et

28 4063 188 4146 quicquid
202 4062 306 4125 fuerit
327 4060 452 4124 ibidem
473 4062 508 4124 in
530 4062 626 4125 bosco
648 4063 731 4125 etin
753 4063 861 4145 plano,
877 4069 946 4127 tam
968 4068 1003 4128 in
1018 4068 1181 4131 dominico

27 4178 129 4242 qnam
143 4158 180 4221 in
195 4158 342 4237 servicio,
351 4177 416 4220 una
430 4178 505 4219 cum
520 4159 619 4220 moris
631 4163 666 4220 et
679 4160 840 4238 marescis,
850 4161 1011 4240 turbariis,
1023 4165 1180 4245 piscariis,

28 4254 174 4332 vivariis,
189 4255 326 4337 stagnis,
340 4253 467 4331 clausis,
483 4255 598 4336 parcis,
613 4253 831 4332 columbariis,
843 4260 967 4337 pascuis
982 4264 1016 4321 et
1031 4264 1181 4342 pasturis,

28 4355 65 4413 et
80 4370 156 4413 cum
171 4350 381 4413 libertatibus
396 4355 431 4413 et
452 4348 651 4428 asiamentis,
666 4351 843 4413 nominatis
857 4357 892 4413 et
914 4373 978 4416 non
993 4359 1181 4438 nominatis,

28 4445 72 4508 ad
87 4445 246 4529 praedicta
260 4448 364 4509 terras
386 4451 420 4509 et
442 4451 631 4509 tenemento
653 4445 930 4532 qualitercumque
953 4455 1181 4535 spectantibus,

598 4559 618 4604 o
