2940 5048
692 299 968 354 cnsanunnnwn

256 470 492 549 Merdenwode,
514 476 548 533 et
578 469 664 532 illius
693 471 778 552 prati
808 471 893 552 quod
923 468 1043 533 habent
1079 470 1164 533 infra
1198 490 1350 554 campum
1372 469 1413 533 de

256 568 417 646 Aldword‚
439 574 474 630 et
496 569 602 631 dictus
632 567 729 629 abbas
751 574 786 630 et
808 573 993 646 conventus,
1015 568 1142 631 racione
1171 567 1334 630 dictamm
1357 568 1414 631 de·

256 667 412 727 cimanum
428 664 487 727 sub
501 663 599 726 titulo
614 665 863 746 permutacionis
884 671 919 726 et
940 684 997 747 pro
1012 663 1094 726 bono
1109 665 1198 746 pacis
1212 664 1413 727 feofavenmt

257 762 378 823 dictam
393 761 560 823 ecclesiam
575 780 681 822 meam
705 760 744 822 de
768 760 904 823 hlitford
928 765 964 822 et
986 780 1039 822 me
1062 766 1098 822 et
1118 780 1311 823 successores
1325 778 1413 822 meos

256 859 296 919 de
310 858 451 939 quodam
465 863 557 939 prato
571 857 658 938 apud
673 856 704 918 le
720 856 925 934 Harestanes,
939 861 974 918 et
989 857 1028 918 de
1039 856 1053 938 j
1071 857 1149 919 roda
1171 862 1267 919 terrae
1280 855 1413 918 arabilis

256 955 488 1036 propinquioris
511 957 604 1015 terrae
630 954 725 1016 dicta
747 952 889 1015 eeclesias
903 973 995 1031 mers,
1015 953 1100 1035 quod
1125 954 1258 1035 quidem
1281 958 1412 1035 pratum

256 1056 289 1110 et
312 1070 409 1131 quam
431 1056 561 1125 terram,
575 1049 755 1111 habuemnt
778 1070 817 1111 ex
842 1049 926 1111 dono
950 1048 1099 1111 Nicholai
1122 1048 1183 1111 filii
1209 1048 1348 1111 Mathai
1371 1047 1411 1111 de

82 1153 198 1230 annaion
257 1147 403 1209 Mitiord.
449 1148 494 1209 Et
509 1152 547 1209 ut
561 1147 624 1208 ista
639 1147 831 1228 composicio
846 1167 902 1209 seu
916 1147 1114 1228 permutacio
1129 1146 1223 1209 firma
1237 1151 1273 1208 et
1288 1144 1412 1208 stabilis

81 1220 215 1334 {Jlffffl'l’
256 1245 291 1306 in
308 1265 396 1327 perp.
412 1248 590 1325 perseveret
605 1244 645 1305 ad
669 1243 949 1325 utriusquepartis
971 1243 1175 1331 instanciam,
1190 1239 1291 1327 (aab)
1306 1243 1412 1305 dictus

81 1353 147 1402 laun.
257 1346 350 1423 pater
380 1338 570 1402 venerabilis
599 1340 749 1402 dominus
775 1339 925 1402 Dunelm.
950 1339 1116 1422 episcopus
1140 1338 1346 1423 utriusque(
1372 1335 1412 1420 )

257 1438 342 1519 parti
357 1436 452 1518 hujus
472 1436 615 1518 sigillum
639 1457 742 1512 suum,
758 1456 823 1497 una
845 1455 921 1498 cum
944 1435 1058 1519 sigillis
1082 1435 1209 1512 nostris,
1224 1435 1411 1498 alternatim

257 1534 377 1616 apponi
393 1533 480 1594 fecit.

133 1729 180 1793 viij
322 1726 420 1808 Hugo
441 1725 501 1788 Dei
517 1727 623 1809 gracia
638 1727 803 1810 episcopus
826 1726 1000 1803 Dunelm.‚¹
1017 1730 1079 1789 etc.
1124 1726 1260 1789 Noverit
1274 1745 1411 1809 presens

81 1797 233 1927 3¹2&aess
256 1829 343 1901 tatas,
370 1823 535 1905 omnisque
562 1823 669 1885 futura
700 1824 879 1905 posteritas,
905 1823 988 1885 hanc
1012 1824 1263 1886 convencionem
1289 1823 1411 1886 factam

82 1931 166 1978 nurrks
178 1946 194 1978 s
255 1922 341 1983 inter
363 1920 528 1983 ecclesiam
553 1918 592 1981 de
617 1919 751 1981 Mittord
774 1926 808 1981 et
822 1918 1010 1981 abbathiam
1025 1919 1110 1981 Novi
1121 1919 1211 1981 Mon.
1227 1939 1286 2001 pro
1307 1919 1410 1982 utrius

81 2005 188 2110 ᾖὶξζᾌξῇ
255 2018 342 2100 pacis
365 2016 505 2079 ccclesias
526 2016 731 2097 caritatisque
753 2015 908 2092 custodia,
933 2015 1018 2097 quod
1042 2016 1190 2078 monachi
1216 2015 1304 2078 Novi
1319 2014 1409 2077 Mon.

81 2127 106 2175 in
120 2127 170 2176 lisu
183 2128 211 2175 of
255 2114 397 2195 praefatae
412 2112 552 2176 ecclesiae
567 2112 607 2174 de
624 2111 758 2173 Mitiord
774 2132 830 2194 pro
853 2112 986 2173 decimis
1001 2112 1145 2173 omnium
1159 2132 1266 2173 rerum
1280 2130 1411 2174 suarum

80 2192 218 2308 ᾗῑῖἐὲἷζῇιπ
255 2210 362 2271 eidem
376 2208 527 2285 ecclesia,
543 2207 582 2269 de
594 2207 751 2269 Heithlau
767 2207 1013 2290 pertinentibus,
1025 2209 1093 2270 sine
1107 2206 1204 2269 ullius
1215 2207 1411 2291 adjeccionis

220 2296 226 2309 ’
255 2306 521 2378 accausiameuto‚
546 2324 601 2385 per
625 2303 767 2384 singulos
783 2323 881 2365 annos
903 2303 926 2386 ij
951 2323 1073 2366 marcas
1094 2301 1287 2385 persolvent,
1311 2322 1411 2365 unam

256 2400 405 2462 videlicet
420 2401 461 2461 ad
477 2400 595 2461 festum
617 2399 650 2462 S.
672 2400 818 2476 Martini,
833 2406 867 2463 et
891 2399 1025 2463 alteram
1048 2400 1089 2462 ad
1112 2399 1232 2462 festum
1257 2399 1290 2463 S.
1308 2399 1409 2464 cuth-

255 2497 349 2559 berti.
396 2494 493 2578 Cujus
523 2497 569 2558 rei
599 2498 769 2558 conversio
800 2518 841 2558 ue
872 2498 988 2578 cuique
1022 2496 1201 2559 futurorum
1231 2497 1411 2579 praeteriret

256 2594 421 2671 memoria,
436 2594 607 2655 statuimus
621 2598 659 2655 ut
674 2594 786 2655 cedula
802 2594 864 2654 ista
875 2613 932 2675 per
946 2592 1089 2655 medium
1104 2593 1199 2655 scissa
1213 2592 1274 2655 sub
1288 2593 1411 2675 episco-

255 2689 322 2771 pali
337 2688 445 2771 sigillo
460 2688 699 2772 porciunculam
715 2709 806 2751 suam
822 2688 942 2772 singuli
957 2689 1164 2751 custodirent.

144 2888 170 2937 ix
322 2881 353 2942 N
356 2882 507 2959 icholaus‚
520 2887 593 2958 etc,
609 2880 762 2943 Dunelm.
777 2880 969 2963 episcopus.¹
998 2879 1048 2942 Ad
1063 2880 1281 2943 universitatis
1297 2885 1410 2945 vestrae

82 2956 216 3029 ‘l'¹¹fi“¹¹‘²'
255 2980 409 3039 noticiam
436 2978 582 3039 volumus
609 2978 782 3059 pervenire,
808 2977 894 3059 quod
920 2997 994 3038 cum
1009 2977 1094 3039 inter
1123 2977 1298 3040 monachos
1323 2976 1408 3040 Novi

80 3040 161 3161 slva
185 3108 189 3127 ι
256 3076 345 3138 Mon.
357 3082 389 3137 ct
400 3076 566 3137 ecclesiam
576 3076 616 3137 de
628 3074 764 3136 Mitford
775 3075 947 3136 convencio
959 3094 1013 3135 seu
1024 3074 1217 3156 composicio
1228 3073 1409 3137 amicabilis

92 3169 213 3265 llllhs.
256 3177 339 3238 inita
354 3177 466 3237 fuisset
481 3196 575 3257 super
589 3175 722 3236 decimis
738 3175 878 3256 grangiae
893 3174 933 3235 de
949 3173 1106 3235 Heithlau
1122 3175 1193 3236 sitae
1207 3174 1240 3235 in
1257 3174 1409 3256 parochia

255 3273 294 3333 de
311 3273 457 3348 hlitford,
473 3271 605 3348 scilicet,
621 3277 658 3332 ut
673 3270 753 3331 dicti
769 3269 919 3330 monachi
934 3269 1047 3331 dment
1061 3270 1230 3330 annuatim
1244 3288 1303 3351 pro
1325 3270 1410 3332 bono

255 3371 342 3450 pacis
358 3389 413 3449 pro
428 3369 505 3448 ipsis
520 3367 653 3427 decimis
668 3365 765 3427 dictae
780 3364 921 3426 ecclesias
936 3363 959 3446 ij
978 3384 1099 3425 marcas
1115 3366 1252 3447 argenti,
1266 3366 1359 3427 sicud
1372 3366 1408 3427 in

254 3464 498 3526 confirmacione
524 3461 616 3523 bonae
641 3461 802 3522 memorias
826 3459 973 3540 Hugonis
997 3460 1150 3543 Episcopi
1173 3462 1409 3543 praedecessoris

254 3560 353 3620 nostri
376 3558 501 3640 plenius
516 3557 709 3632 continetur,
725 3554 792 3615 Nos
815 3555 951 3617 eandem
974 3557 1223 3618 convencionem
1242 3577 1299 3619 seu
1320 3577 1408 3620 com-

255 3657 449 3736 posicionem
471 3659 575 3714 ratam
598 3672 664 3714 csse
688 3656 721 3713 et
746 3653 911 3733 perpetuis
933 3653 1132 3734 temporibus
1154 3652 1329 3716 valituram
1350 3655 1408 3717 de·

238 3757 419 3813 cernentes
433 3751 625 3811 auctoritate
641 3747 813 3829 episcopali
829 3747 1062 3811 confirmamus.

147 3968 163 3999 x
322 3942 488 4020 Omnibus,
498 3948 559 4006 etc.
590 3942 729 4004 Thomas
740 3939 895 4003 Prior³et
904 3940 1085 4004 Conventus
1094 3941 1235 4005 ecclesiae
1244 3941 1407 4019 Dunelm,

77 4012 192 4130 ssffii'
256 4039 402 4101 salutem.
448 4040 525 4101 Paci
541 4044 575 4101 et
591 4036 823 4119 tranquillitati
840 4038 981 4098 virorum
1003 4036 1224 4120 religiosorum
1246 4047 1406 4122 quantum

76 4147 205 4258 cpisfespsl
255 4139 289 4198 in
305 4136 395 4198 nobis
407 4142 457 4198 est·
467 4135 631 4217 providere
643 4134 795 4209 volentes,
808 4134 849 4194 ad
861 4134 1056 4215 peticionem
1069 4133 1260 4197 dilectorum
1268 4135 1406 4199 fratrum

74 4224 122 4257 (⁶011
134 4231 206 4261 trin-‘l-

463 4288 471 4319 ¹
492 4285 576 4356 llngh
587 4285 622 4339 de
635 4285 729 4338 Puiset
740 4301 770 4336 or
783 4282 925 4354 ‘Pudsey,'
943 4297 998 4337 nn.
1014 4283 1180 4339 nsanos.

463 4366 473 4396 ²
492 4363 622 4417 Nicholas
634 4363 665 4416 ol
675 4362 820 4427 Farnham,
839 4376 893 4414 an.
908 4361 1075 4416 lali-lala.

462 4444 473 4476 ³
491 4442 607 4496 Thomas
620 4442 650 4495 oi
660 4439 809 4511 Melsonby,
823 4455 878 4495 nn.
893 4441 1061 4495 lass-lasa
