2940 5048
415 322 463 375 nn
487 322 583 378 uovo
608 323 846 378 uouasrnnro.
1307 303 1378 377 217

47 494 143 573 parte
168 490 265 572 plena
288 496 324 554 et
349 489 433 554 bona
458 492 626 556 voluntate
640 494 812 556 concedere
828 499 863 557 et
877 493 1064 557 confirmare
1079 514 1205 557 conces·
1228 498 1345 552 carlisle.

46 585 170 648 sionem
197 590 231 647 et
256 585 536 650 confirmacionem
558 608 637 670 quas
662 587 852 650 venerabilis
876 594 969 672 pater
985 595 1092 652 noster
1108 590 1205 672 Hugo

46 682 217 765 episcopus
241 682 452 746 Karliolensis
475 683 554 747 fecit
570 685 690 748 Abbati
717 690 751 747 et
774 687 938 748 monachis
953 686 993 748 de
1008 686 1100 748 Novo
1114 686 1217 747 Mon.-

48 777 130 843 cist.
146 777 269 841 ordinis
284 798 379 860 super
392 779 533 842 decimas
547 781 691 863 grangiae
706 801 771 843 suae
785 781 826 843 de
841 780 1008 843 Strettona
1023 801 1102 863 quas
1116 781 1204 842 idem

47 874 199 936 monachi
217 875 281 936 fere
296 894 353 956 per
367 875 581 959 quadraginta
596 897 694 939 annos
710 883 806 939 antea
818 877 951 959 pacifice
958 876 1054 959 juxta
1063 881 1205 939 tenorem

50 970 295 1052 privilegiorum
321 991 449 1033 suorum
474 972 696 1054 possiderunt3
720 973 844 1035 scilicet
859 979 897 1035 ut
912 973 1039 1056 praefati
1054 973 1152 1036 abbas
1172 979 1206 1034 et

50 1068 201 1129 monachi
227 1067 396 1129 annuatim
419 1068 556 1131 reddant
586 1069 727 1131 ecclesiae
751 1069 792 1130 de
816 1068 1016 1131 Werkworth
1041 1090 1099 1152 pro
1122 1070 1206 1132 bono

51 1164 141 1246 pacis
152 1183 211 1244 pro
222 1163 320 1245 praed.
330 1163 463 1226 decimis
479 1165 729 1247 imperpetuum,
745 1166 813 1227 sine
829 1166 917 1226 omni
933 1165 997 1227 alia
1011 1165 1206 1248 adjeccione,

51 1279 107 1321 sex
122 1278 245 1320 marcas
261 1260 399 1341 argenti,
415 1259 577 1339 videlicet,
591 1266 657 1322 tres
681 1260 722 1322 ad
749 1261 868 1323 festum
892 1263 995 1323 sancti
1009 1261 1156 1337 Martini,
1172 1268 1207 1324 et

51 1361 116 1417 tres
143 1355 186 1417 ad
213 1354 436 1433 Pentecosten,
460 1357 545 1418 sicut
568 1357 751 1418 continetur
780 1359 814 1418 in
845 1362 934 1419 carta
960 1358 1057 1438 praed.
1083 1357 1207 1419 domini

51 1451 154 1514 nostri
169 1451 311 1533 episcopi
334 1471 432 1533 quam
454 1451 517 1534 ipsi
539 1452 670 1515 habent.
717 1453 762 1515 Et
783 1458 822 1515 ut
845 1453 913 1515 haro
927 1459 1037 1514 nostra
1051 1454 1208 1516 concessio

51 1555 87 1611 et
110 1547 315 1609 confirmacio
338 1554 417 1611 ratae
441 1554 475 1610 et
498 1549 693 1611 inconcussas
723 1550 886 1631 perpetuis
911 1548 1109 1630 temporibus
1136 1570 1208 1630 per·

52 1648 218 1718 maneant,
245 1663 382 1725 praesens
407 1645 566 1726 scriptum
589 1643 654 1706 illis
678 1645 881 1721 tradidimus,
907 1645 1086 1706 communis
1110 1644 1209 1727 sigilli

53 1738 191 1821 capituli
204 1739 305 1801 nostri
319 1739 502 1801 munimine
517 1739 713 1802 roboratum.

122 1920 280 1986 Omnibus
304 1921 437 1999 Christi,
451 1929 513 1986 etc.
532 1922 707 2001 Siluester,¹
732 1925 940 1986 miseracione
954 1923 1066 1987 divina
1081 1924 1208 1987 Karlio-
1297 1933 1324 1973 v·

55 2020 152 2082 lensis
175 2018 317 2082 eoclesiae
336 2019 484 2082 minister
508 2020 654 2097 humilis,
679 2021 815 2083 salutem
840 2022 1043 2083 aeternamm
1059 2021 1208 2084 Domino.
1234 1990 1381 2105 fflnfiffih,

55 2114 138 2179 cum
153 2135 193 2177 ex
207 2114 355 2197 injuncto
369 2115 461 2177 nobis
484 2114 586 2178 officio
611 2116 743 2179 incubat
765 2115 909 2178 fidelium
932 2136 1044 2198 pacem
1066 2120 1099 2178 e
1123 2123 1210 2226 tran·
1234 2123 1312 2171 above
1314 2121 1364 2184 by

56 2211 270 2293 quillitatem,
285 2220 319 2272 et
334 2212 475 2274 maxime
496 2212 639 2275 virorum
661 2212 895 2294 religiosorum,
922 2212 1100 2289 confovere,
1125 2214 1211 2295 peti-
1183 2187 1364 2316 ι-ξξξὴξξζ,

55 2309 184 2369 cionem
211 2307 349 2369 fratrum
374 2314 555 2370 nostrorum
585 2309 817 2370 monachorum
841 2308 926 2370 Novi
953 2308 1043 2371 Mon.
1071 2309 1211 2391 benigne
1237 2318 1350 2370 Ocrlisle.

55 2404 278 2481 admittentes,
304 2405 570 2513 composicionem
598 2404 718 2466 factam
743 2403 783 2465 de
808 2424 937 2465 assensu
962 2404 1098 2487 capituli
1119 2406 1210 2468 Karl.

57 2502 144 2562 inter
158 2499 249 2562 bonae
264 2499 427 2562 memorias
449 2499 623 2583 Hugonem
645 2500 908 2582 praedecessorem
930 2506 1075 2563 nostrum
1091 2503 1211 2584 episco-

57 2617 138 2679 pum
164 2595 256 2659 Karl.
280 2601 314 2657 et
338 2596 441 2658 dictos
467 2597 639 2658 monachos
662 2597 702 2659 de
726 2596 832 2658 dando
856 2597 945 2680 Epis.
971 2598 1060 2660 Karl.
1081 2599 1213 2661 nomine

57 2691 201 2754 ecclesiae
215 2711 280 2754 suae
294 2692 335 2753 de
347 2691 547 2754 Werkworth
565 2712 622 2773 pro
639 2692 722 2753 bono
736 2692 824 2774 pacis
839 2694 1007 2755 annuatim
1023 2713 1076 2755 sex
1091 2714 1213 2756 marcas

58 2808 117 2871 pro
132 2787 260 2849 decima
273 2788 446 2869 garbarum
460 2788 603 2870 grangiae
618 2807 684 2850 suae
699 2787 738 2850 de
755 2787 915 2864 Stratton,
930 2789 1001 2852 sitae
1015 2791 1050 2851 in
1063 2791 1214 2872 parochia

59 2883 205 2967 ejusdem
228 2884 370 2947 ecclesiae
394 2883 435 2946 de
459 2883 567 2945 Werk.
583 2885 624 2945 de
640 2884 734 2945 terris
761 2904 839 2964 quas
854 2884 1035 2947 habuerunt
1050 2887 1086 2947 in
1101 2887 1213 2948 eadem

59 2981 197 3063 grangia
211 2984 354 3062 tempore
381 2980 625 3062 composicionis
649 2980 812 3063 praedictae
837 2981 1051 3062 approbando,
1075 2983 1159 3044 sicut
1179 2983 1214 3044 in

60 3077 296 3158 composicione
310 3076 464 3158 praediota
479 3075 604 3157 plenius
620 3074 738 3160 (raca)
752 3075 945 3152 continetur,
961 3076 1165 3138 concedimus
1181 3083 1215 3139 et

61 3173 288 3234 confirmamus
304 3173 557 3253 imperpetuum.
604 3171 644 3233 In
669 3171 761 3253 cujus
785 3171 841 3246 rei,
866 3174 928 3232 etc.
974 3171 1134 3248 Testibus,
1152 3177 1214 3233 etc.

129 3355 287 3419 Omnibus
312 3355 439 3418 Sancta)
454 3355 582 3434 Matris,
600 3359 661 3418 ete.
678 3353 851 3416 Nicholaus
867 3352 927 3414 Dei
943 3353 1050 3434 gracia
1064 3353 1214 3416 Dunelm
1289 3361 1331 3428 vj·

63 3453 241 3535 episcopus,
256 3452 434 3514 aeternam
424 3471 459 3513 ιιι
475 3450 616 3513 Domino
631 3449 780 3513 salutem.
826 3448 887 3510 Pia
902 3448 1047 3510 fidelium
1062 3455 1137 3512 vota
1152 3451 1215 3532 piis
1239 3428 1387 3545 fignflffi'o

63 3547 210 3630 operibus
234 3547 380 3630 prosequi
406 3547 557 3622 volentes,
582 3567 620 3608 ac
645 3566 805 3608 servorum
828 3551 862 3607 et
883 3546 945 3627 piae
964 3546 1135 3628 genetricis
1151 3567 1214 3609 suae
1238 3562 1362 3626 sbovsby

64 3642 296 3725 tranquillitati
319 3643 499 3725 prospicere
522 3642 698 3750 cupientes,
721 3641 850 3704 dilectis
873 3641 948 3703 filiis
963 3641 1080 3703 nostris
1095 3642 1214 3704 Abbati
1239 3627 1320 3740 §lgm
1315 3627 1374 3756 ¹⁸3,

64 3747 98 3802 ct
113 3739 286 3802 couventui
308 3738 392 3801 Novi
415 3738 504 3802 Mon.
523 3738 792 3819 composicionem
807 3738 926 3799 factam
942 3739 1028 3799 inter
1042 3737 1133 3800 bonae
1149 3759 1217 3799 me·
1241 3709 1362 3808 Durhim

66 3835 175 3897 moriae
191 3834 377 3919 Hugonem,
391 3835 555 3916 quondam
570 3835 756 3942 episcopum
766 3834 867 3910 Karl,
884 3834 922 3895 de
937 3853 1065 3895 assensu
1080 3835 1217 3943 capituli

69 3931 158 3993 Karl.
175 3936 210 3993 et
223 3930 326 3993 dictos
349 3929 529 4007 monachos,
546 3930 660 4012 etjam
676 3950 695 3991 a
710 3930 886 3992 venerabili
903 3929 1056 3991 Silvestre
1071 3931 1217 4012 episcopo

69 4025 159 4088 Karl.
176 4025 397 4109 approbatam,
421 4031 455 4088 et
479 4026 662 4088 auctentico
684 4046 740 4087 suo
763 4026 993 4087 confirmatam.
1026 4025 1092 4086 Nos
1109 4030 1220 4087 aucto-

69 4125 165 4186 ritate
189 4122 362 4205 episcopali
388 4122 612 4185 confirmamus
646 4123 897 4204 imperpetuum,
921 4123 969 4183 ita
991 4122 1113 4185 scilieet
1133 4123 1219 4205 quod

69 4219 215 4301 praedicti
230 4219 380 4280 monachi
393 4219 548 4301 praedicto
563 4217 735 4280 venerabili
752 4217 904 4280 Silvestre
920 4219 1068 4299 episcopo
1083 4218 1173 4280 Karl.
1186 4223 1220 4280 et

69 4315 136 4398 ejus
163 4313 405 4393 successoribus,
429 4319 584 4396 tanquam
609 4313 784 4375 rectoribus
808 4312 950 4374 ecclesiae
974 4312 1013 4375 de
1037 4313 1146 4377 Werk.
1162 4333 1219 4399 pro

195 4465 204 4499 ¹
224 4462 353 4519 Silvester
364 4463 396 4517 of
405 4463 541 4529 Everdon,
552 4460 647 4534 bislrop
659 4461 690 4515 of
699 4461 821 4532 Osrlislc,
835 4475 889 4516 lm.
903 4461 1070 4518 1247-1254.
