2940 5048
79 558 216 612 Quitclnim

80 625 109 672 os
118 624 206 685 rights,

81 690 114 751 by
126 690 141 737 J
144 690 192 737 ohu

82 754 113 802 de
122 755 211 804 Shafto

703 318 975 372 crasmarus

323 488 446 568 Sciant,
468 495 529 552 etc.
555 488 717 551 lohannes
742 488 783 551 de
808 488 995 563 Schasthom
1023 486 1181 550 lticardus
1203 486 1344 550 Freman
1368 494 1400 550 et

257 585 363 667 Agnes
386 608 464 648 uxor
487 586 556 667 ejus
578 587 769 662 remisimus,
784 586 1026 665 resignavimus,
1041 588 1076 645 et
1090 584 1223 645 omnino
1239 604 1297 666 pro
1311 584 1400 646 nobis

257 689 292 742 et
307 682 373 744 her.
388 689 487 744 nostr.
504 684 536 742 in
553 701 642 763 perp.
657 683 805 763 quietum
825 681 1033 742 clamavimus
1048 680 1191 742 Domino
1204 680 1348 742 Waltero
1361 681 1399 742 de

82 820 232 871 mmm
258 775 401 839 Camhou
427 785 460 839 et
485 777 654 839 heredibus
683 778 749 838 suis
777 776 829 838 vel
858 777 923 838 suis
952 777 1125 857 assignatis
1155 781 1266 838 totum
1290 776 1344 858 jus
1367 782 1398 838 et

256 873 407 935 clamium
418 875 503 955 quod
515 874 684 936 habuimus
693 893 749 934 seu
760 873 868 954 aliquo
876 873 972 935 modo
981 872 1099 935 habere
1109 874 1278 953 potuimus
1292 873 1327 933 in
1337 891 1397 934 uno

256 970 436 1051 messuagio
450 980 484 1031 et
499 971 640 1051 quinque
663 969 744 1030 acris
768 974 861 1030 terrae
885 989 959 1030 cum
983 969 1194 1050 pertinenciis
1213 969 1251 1029 in
1272 968 1349 1029 villa
1366 973 1397 1029 et

256 1067 418 1128 territorio
433 1066 473 1128 de
488 1065 640 1138 Lithdon,
657 1085 752 1144 quam
768 1065 899 1145 quidem
917 1070 1035 1125 terram
1058 1064 1232 1146 praedictus
1247 1064 1398 1127 Dominus

256 1161 419 1223 Walterus
442 1163 523 1223 emit
541 1162 580 1223 de
599 1163 720 1223 Thema
742 1160 781 1222 de
801 1160 974 1234 Redesda13
998 1161 1045 1221 ita
1070 1159 1157 1241 quod
1181 1180 1242 1222 nec
1265 1181 1322 1222 nos
1343 1179 1398 1221 nec

257 1258 375 1338 aliquis
398 1258 463 1318 her.
480 1263 612 1319 nostror.
623 1257 678 1339 jus
693 1255 743 1318 vel
760 1256 853 1318 clam.
869 1257 902 1317 in
923 1255 1020 1337 praed.
1035 1257 1130 1318 terris
1153 1262 1188 1318 et
1209 1255 1399 1318 tenementis

257 1354 296 1415 de
319 1361 433 1414 caetero
457 1354 583 1433 exigere
607 1353 656 1414 vel
680 1353 846 1415 vendicare
870 1353 1046 1434 poterimus
1061 1354 1096 1413 in
1112 1358 1316 1435 perpetuum.
1359 1351 1398 1413 In

257 1449 346 1529 cujus
362 1449 407 1508 rei
423 1450 657 1510 testimonium.

324 1640 490 1716 Omnibus,
505 1648 566 1704 etc.
583 1643 685 1703 Adam
706 1642 792 1703 filius
808 1642 945 1704 Hutredi
961 1642 1001 1704 de
1017 1643 1233 1719 Hertwarton,
1254 1640 1398 1704 salutem.

258 1737 339 1799 Nov.
355 1757 408 1798 me
430 1758 487 1819 pro
509 1759 553 1800 sa.
568 1759 620 1799 an.
636 1758 681 1800 m.
700 1746 732 1801 et
755 1759 841 1800 omn.
857 1744 961 1800 antec.
979 1743 1013 1799 et
1035 1739 1102 1801 her.
1118 1758 1163 1801 m.
1178 1758 1268 1801 conc.
1283 1738 1400 1801 dedet

259 1855 290 1915 p.
306 1855 334 1895 c.
350 1853 393 1896 m.
408 1833 491 1895 conf.
510 1835 545 1895 in
568 1834 603 1896 li.
623 1854 693 1915 pur.
712 1840 745 1895 et
761 1855 850 1916 perp.
866 1833 906 1896 el.
922 1834 1038 1896 Decet
1060 1835 1099 1897 Β.
1115 1834 1163 1897 Μ.
1179 1839 1213 1896 et
1235 1853 1301 1896 mo.
1316 1833 1400 1895 Novi

164 1921 180 1967 y
259 1931 360 2007 Mon„
385 1937 418 1992 et
442 1931 622 2012 specialiter
648 1931 688 1992 ad
715 1933 986 1993 sustentaeionem
1013 1952 1190 2013 pauperum
1215 1930 1337 1994 Christi
1362 1930 1401 1992 ad

259 2034 397 2109 portam,
411 2032 518 2088 totum
534 2032 663 2108 pratum
686 2048 795 2088 meum
812 2048 885 2088 cum
900 2027 1048 2089 omnibus
1063 2028 1275 2109 pertinenciis
1290 2027 1354 2088 suis
1368 2028 1401 2087 in

259 2125 423 2186 territorio
437 2124 476 2185 de
491 2123 616 2185 Wester
632 2123 830 2197 Herwarton‚
846 2124 930 2205 quod
946 2128 1076 2184 vocatur
1092 2122 1251 2185 Blindwel
1275 2122 1401 2198 medon,

258 2221 326 2281 sine
341 2219 406 2280 ullo
417 2224 647 2293 retenement0‚
659 2240 697 2279 ex
710 2219 859 2280 orientali
869 2226 961 2300 parte
970 2224 1064 2280 terrae
1080 2238 1170 2296 meae‚
1183 2238 1255 2301 quae
1271 2223 1401 2280 vocatur

259 2315 429 2396 Lyudside.
474 2316 551 2376 Ten.
566 2320 599 2375 et
614 2314 686 2375 hab.
702 2315 798 2376 dictis
820 2335 883 2377 mo,
898 2314 948 2376 vel
972 2335 995 2375 s.
1012 2315 1129 2396 assign.
1144 2314 1184 2376 de
1207 2332 1261 2375 me
1283 2318 1318 2378 et
1338 2314 1403 2376 her.

259 2431 302 2471 m.
314 2412 346 2470 in
358 2416 550 2491 perpetuum
566 2411 601 2470 li.
617 2412 683 2490 qui.
700 2412 824 2491 integre
834 2412 979 2472 soluteet
993 2410 1164 2472 honorifice
1173 2410 1215 2472 ab
1225 2411 1314 2472 omni
1325 2430 1403 2472 serv.
1453 2408 1456 2413 ’

259 2526 328 2565 con.
345 2526 430 2565 exac.
447 2512 480 2565 et
504 2507 586 2566 dem.
603 2507 691 2567 sicud
716 2496 824 2588 aliqua
847 2505 886 2567 el.
906 2506 1021 2568 melius
1044 2506 1176 2567 liberius
1200 2510 1236 2567 et
1260 2506 1405 2587 quiecius

259 2607 362 2681 potest
379 2601 449 2661 dari
464 2602 514 2661 vel
526 2602 690 2682 possideri.
736 2603 781 2664 Et
795 2603 876 2664 dicti
892 2623 955 2664 mo.
966 2602 1016 2671 vel
1031 2623 1056 2664 s.
1072 2602 1188 2682 assign.
1200 2601 1299 2687 (482)
1310 2602 1404 2664 habe-

260 2697 340 2758 bunt
366 2696 502 2757 liberum
527 2698 706 2771 introitum,
722 2700 856 2776 exitum,
872 2705 906 2760 et
921 2700 1104 2771 transitum,
1120 2697 1241 2779 ubique
1256 2717 1314 2780 per
1327 2704 1404 2760 terr.

260 2812 365 2852 meam
390 2797 479 2852 extra
503 2791 632 2853 bladum
648 2799 681 2854 et
696 2799 827 2874 pratum
852 2799 995 2876 tempore
1016 2793 1209 2855 defensionis
1225 2793 1266 2855 ad
1281 2795 1406 2856 dictum

260 2892 400 2968 pratum,
417 2888 609 2962 hominibus,
625 2891 733 2963 carris,
749 2891 892 2964 carectis,
908 2892 1009 2971 equis,
1024 2889 1134 2963 bobus,
1150 2894 1185 2951 et
1198 2889 1274 2951 aliis
1289 2889 1406 2952 averiis

260 2984 335 3058 suis,
351 2989 384 3044 et
399 2984 520 3045 facient
534 2984 753 3046 omnimodum
769 2985 971 3047 commodum
991 3006 1084 3047 suum
1099 2985 1138 3046 de
1159 2983 1249 3047 dicto
1264 2991 1359 3067 prato
1373 2990 1406 3047 et

260 3081 294 3140 in
318 3079 405 3140 dicto
429 3085 522 3161 prato
546 3079 634 3141 sicud
659 3082 705 3141 eis
729 3080 845 3142 melius
869 3081 1026 3161 placuerit
1049 3082 1118 3142 sine
1141 3081 1332 3143 condicione
1355 3080 1406 3143 vel

260 3176 490 3257 impedimento
505 3178 569 3237 mei
586 3175 636 3237 rel
651 3177 718 3237 her.
734 3197 779 3238 m.
795 3178 829 3237 in
845 3182 1048 3258 perpetuum.
1092 3177 1138 3238 Et
1152 3196 1212 3259 ego
1228 3176 1346 3239 ether.
1362 3197 1406 3239 m.

260 3272 356 3333 dictis
371 3273 533 3333 monachis
548 3273 597 3333 vel
622 3273 686 3332 suis
706 3274 822 3354 assign.
847 3277 954 3334 totum
982 3273 1061 3335 dict.
1085 3278 1214 3354 pratum
1230 3293 1306 3335 cum
1321 3292 1407 3335 omn.

260 3369 378 3448 pertin.
394 3369 458 3429 suis
482 3374 514 3428 et
530 3389 604 3428 curn
619 3388 704 3428 omn.
730 3369 922 3449 supradictis
943 3369 1067 3449 plenius
1082 3375 1193 3430 contra
1216 3388 1306 3432 omn.
1321 3370 1406 3431 honr.

260 3471 294 3523 et
309 3464 399 3525 dotes
415 3464 606 3524 feminarum
622 3484 694 3524 war.
711 3470 772 3523 etc.

328 3653 495 3726 Omnibus
512 3660 571 3715 etc.
593 3654 731 3715 Thomas
743 3654 829 3715 filius
845 3656 923 3717 Adae
939 3657 978 3717 de
988 3657 1203 3732 Hertwarton‚
1219 3657 1356 3719 salutem
1372 3659 1407 3719 in

136 3805 143 3835 ι
167 3805 181 3835 0
263 3751 412 3812 Domino,
437 3750 600 3811 Noveritis
610 3770 661 3809 me
671 3771 728 3831 pro
738 3757 832 3811 meet
841 3752 995 3814 he1·.m.et
1006 3773 1158 3814 eorsucc.
1169 3772 1258 3815 conc.
1267 3758 1301 3815 et
1317 3774 1408 3835 pras.

103 3869 124 3930 1ιι
143 3891 147 3906 ,
171 3876 177 3898 ›
263 3849 381 3928 scripto
396 3847 478 3908 conf.
489 3845 646 3928 religiosis
662 3846 738 3906 uiris
754 3847 826 3908 ahb.
837 3855 870 3909 et
886 3868 977 3909 conv.
987 3848 1071 3909 Novi
1083 3850 1173 3910 Mon.
1189 3849 1274 3929 quod
1284 3851 1409 3932 possint

113 3934 142 4027 0⁰
169 3936 182 3966 ²¹
204 4012 214 4021 „
262 3943 378 4004 habere
394 3942 553 4024 quoddam
565 3942 742 4004 chiminum
755 3943 804 4004 vel
823 3944 995 4024 pacificum
1010 3945 1192 4027 passagium
1207 3966 1282 4006 cum
1299 3947 1409 4023 carris,

262 4040 405 4113 carectis,
420 4038 510 4119 equis
525 4044 558 4099 et
573 4039 758 4099 hominibus
774 4039 849 4114 suis,
865 4060 940 4100 cum
956 4039 1056 4101 libero
1071 4041 1215 4121 ingressu
1229 4045 1264 4101 et
1279 4060 1409 4122 egressu

261 4134 346 4195 ultra
361 4142 478 4196 terram
494 4154 600 4195 meam
616 4135 650 4195 in
666 4155 778 4216 campo
790 4134 962 4196 deWester
972 4135 1177 4197 Hertwarton
1188 4136 1230 4197 ad
1244 4138 1408 4218 quandam

259 4231 385 4309 peciam
398 4231 483 4310 prati
495 4231 530 4290 in
541 4230 695 4311 praedicto
711 4251 830 4311 eampo,
843 4231 928 4311 quod
940 4232 1071 4311 quidem
1088 4236 1217 4313 pratum
1233 4234 1409 4313 praedictus

260 4323 364 4383 Adam
387 4325 484 4386 frater
504 4346 593 4386 meus
608 4326 698 4387 dedit
713 4327 873 4406 quondam
888 4327 996 4387 abbati
1013 4334 1047 4388 et
1062 4347 1151 4389 conv.
1167 4328 1199 4388 N
1200 4329 1252 4389 ovi
1268 4328 1360 4391 Mon.
1372 4334 1408 4391 et

259 4437 321 4477 eor.
338 4420 565 4482 successoribus
588 4422 621 4482 in
645 4429 856 4503 perpetuum3
881 4424 928 4484 ita
950 4423 1034 4503 quod
1058 4423 1157 4505 praed.
1173 4424 1247 4487 abb.
1263 4429 1297 4487 et
1313 4445 1406 4488 conv.
