2940 5048
720 320 995 376 cnuawtaumu

287 489 398 553 dendae
426 490 494 553 her.
518 490 599 553 dicti
628 489 793 573 Rudulphi
816 491 858 554 de
883 490 1091 569 Gunwurton,
1114 490 1159 553 ud
1186 488 1307 557 festum
1328 488 1432 555 Sancti

289 585 458 650 Cuthberti
474 588 507 649 in
523 586 716 669 Septembri.
760 586 920 665 Testibrrs,
933 592 994 651 eto

355 776 470 841 Petms
490 779 531 842 de
553 778 763 858 Gunwarton,
784 780 934 843 salutem.
979 778 1098 843 Sciatis
1118 798 1175 843 me
1196 778 1272 843 ded.
1294 798 1382 845 conc.
1402 784 1434 844 et

122 854 221 953 {1³⁸5ss
288 873 321 935 h.
338 893 369 954 p.
383 895 410 935 c.
426 894 470 935 m.
486 876 571 937 conf.-
585 875 654 938 Deo
669 880 704 938 ct
718 874 757 937 B.
772 874 821 936 M.
836 880 872 937 et
886 894 951 939 mo.
966 875 1007 938 de
1021 875 1104 939 Nor.
1119 874 1213 939 Mon.
1228 894 1288 959 pro
1309 876 1367 942 sal.
1384 896 1433 939 an.

128 971 175 1017 uin
194 986 264 1031 um,
289 989 332 1031 m.
348 974 382 1031 ct
396 990 450 1031 ux.
466 991 510 1033 m.
526 977 560 1033 et
574 989 661 1033 omn.
677 975 781 1033 antec.
796 972 912 1033 ether.
932 990 977 1034 m.
999 971 1036 1033 iu
1057 970 1117 1035 lib.
1139 990 1213 1054 pur.
1228 978 1265 1035 et
1285 992 1377 1057 perp.
1395 973 1433 1037 el.

130 1118 143 1149 θ
164 1117 225 1149 run·
289 1068 391 1125 totam
407 1070 527 1127 terram
542 1085 647 1128 meam
663 1066 699 1127 in
714 1064 902 1147 Swynbum,
917 1086 1015 1148 quam
1027 1070 1122 1149 pater
1141 1086 1234 1131 meus
1249 1066 1435 1151 liudulphus

114 1183 134 1215 w
208 1203 214 1217 .
289 1160 329 1221 de
353 1159 550 1224 Gunwarton
572 1162 665 1224 dedit
688 1162 826 1225 Ricardo
848 1162 995 1225 fossatori
1010 1183 1067 1245 pro
1082 1162 1238 1247 humagio
1253 1168 1289 1227 et
1303 1166 1435 1227 servicio

289 1277 356 1333 suo,
371 1258 456 1319 infra
471 1258 601 1336 divisas,
616 1258 751 1334 scilicet,
766 1258 808 1321 ab
825 1278 910 1340 aqua
933 1278 1004 1341 quse
1018 1264 1153 1321 vocatur
1175 1260 1358 1343 swynbum
1381 1282 1435 1344 per

288 1353 425 1414 divisam
445 1352 611 1416 Godeiridi
636 1355 676 1417 de
699 1353 876 1435 Swynburn
900 1354 1097 1419 ascendendo
1123 1375 1224 1438 usque
1248 1356 1291 1419 ud
1314 1376 1435 1420 morum

288 1450 468 1530 proximam
494 1453 529 1511 et
555 1449 690 1512 eandem
714 1469 836 1512 moram
861 1452 1041 1532 proximam
1070 1454 1176 1513 totam
1204 1472 1278 1535 quse
1306 1457 1436 1517 vocatur

288 1544 434 1621 Hciside,
449 1546 484 1605 et
506 1545 596 1607 sicud
619 1566 709 1608 mora
729 1545 786 1608 illa
801 1552 834 1608 et
850 1551 935 1609 terra
950 1545 1117 1609 Godefridi
1132 1546 1281 1629 praedicti
1300 1568 1436 1631 parcun-

288 1643 341 1701 tur
357 1661 457 1722 usque
473 1642 672 1703 occidentem
688 1661 787 1723 usque
799 1641 840 1703 ad
852 1640 992 1704 siketum
1008 1642 1191 1724 proximum
1201 1643 1242 1706 de
1253 1642 1437 1707 Derestrete

287 1756 345 1817 per
368 1735 511 1797 siketum
534 1736 616 1799 illud
643 1756 742 1819 usque
765 1738 921 1799 orientem
948 1738 1036 1799 inter
1057 1738 1137 1799 duas
1160 1758 1267 1801 moras
1280 1758 1384 1823 usque
1402 1741 1436 1801 in

288 1832 431 1911 Stelden,
447 1833 489 1894 ad
504 1833 608 1915 capud
623 1834 663 1895 de
681 1830 857 1915 Swyuerig‚
872 1839 906 1896 et
926 1853 946 1895 a
968 1834 1075 1915 capite
1096 1833 1137 1897 dc
1159 1833 1326 1919 Swynerig
1347 1836 1437 1897 sicud

288 1934 374 1990 terra
388 1926 484 2012 (ata)
505 1929 594 1991 culta
609 1934 643 1991 et
667 1949 755 1990 mora
778 1935 953 2010 parcuntur
968 1948 1067 2010 usque
1092 1929 1134 1992 ad
1156 1930 1263 2013 capud
1284 1930 1328 1993 de
1356 1930 1438 1995 Hol-

288 2023 388 2099 leche,
414 2031 449 2087 et
472 2043 492 2086 a
517 2025 625 2107 capite
650 2025 690 2086 de
720 2023 857 2086 Hollech
882 2045 938 2108 per
954 2025 1039 2086 viam
1055 2044 1127 2107 quae
1141 2029 1276 2088 vocatur
1290 2024 1437 2089 Petmos-

289 2142 366 2202 way,
381 2141 481 2202 usque
502 2120 545 2183 ad
567 2121 670 2202 capud
692 2120 732 2182 de
755 2119 969 2201 Riggesbanc,
983 2124 1018 2182 et
1040 2122 1086 2182 sic
1107 2140 1165 2203 per
1186 2120 1330 2185 siketum
1352 2122 1437 2205 quod

287 2224 337 2280 cst
352 2218 392 2279 ad
407 2218 510 2299 capud
526 2218 565 2279 de
580 2216 782 2299 Riggcsbanc
805 2217 1024 2279 descendendo
1046 2236 1146 2299 usque
1167 2216 1204 2279 in
1224 2236 1345 2301 aquam
1367 2236 1439 2301 quae

288 2318 419 2375 incatur
434 2312 622 2394 Swynburn‚
633 2317 668 2375 et
681 2312 727 2373 sic
741 2332 799 2394 per
813 2332 930 2394 aquam
945 2312 1036 2374 illam
1045 2311 1267 2376 descendendo
1281 2333 1383 2396 usquc
1396 2313 1440 2377 ad

288 2411 426 2470 divisam
440 2407 607 2470 Godefridi
618 2409 815 2490 praedictam,
825 2413 860 2470 et
874 2428 1078 2471 communem
1092 2413 1258 2491 pasturam
1273 2408 1315 2472 de
1327 2408 1441 2492 Swyn·

288 2505 369 2564 burn
385 2510 419 2564 et
435 2502 643 2573 Guuwartcn,
659 2503 727 2565 scil.
742 2505 784 2566 ad
798 2503 847 2586 iiij
865 2524 962 2586 equos
977 2502 1126 2581 domitos,
1141 2508 1177 2567 et
1189 2504 1232 2566 ad
1244 2524 1268 2567 x
1282 2504 1391 2583 boves,
1404 2511 1440 2568 et

288 2620 349 2661 xm
365 2618 475 2660 vaccas
489 2618 563 2659 cum
579 2599 689 2661 vitulis
712 2620 822 2662 earum
845 2599 944 2662 donec
966 2604 1207 2685 aripereneutur,
1222 2605 1258 2663 et
1279 2600 1321 2663 ad
1335 2603 1441 2684 quad·

289 2698 452 2775 ringentes
467 2714 541 2756 oves
555 2716 629 2755 cum
644 2697 736 2777 aguis
751 2715 861 2757 earum
876 2695 976 2757 donec
990 2699 1186 2779 separentur,
1200 2701 1236 2758 et
1253 2697 1296 2760 ad
1306 2699 1440 2780 capien-

288 2791 365 2850 dum
375 2789 477 2850 focale
487 2790 520 2850 in
530 2792 653 2871 petaria
665 2792 704 2853 de
714 2790 901 2872 Swynburn‚
911 2796 946 2853 et
956 2790 997 2853 ad
1008 2791 1230 2855 molendinum
1242 2791 1440 2871 iaciendum,

289 2892 323 2948 ct
343 2905 437 2947 omne
453 2885 540 2946 aliud
554 2886 733 2967 proficuum
747 2906 839 2947 suum
863 2885 952 2948 sicud
973 2887 1144 2965 voluerint,
1166 2888 1252 2951 infru
1265 2892 1441 2971 praenomi-

289 2990 381 3043 natas
396 2982 522 3055 divisas,
537 3002 611 3042 cum
626 2981 773 3044 omnibus
785 2983 968 3044 asiamentis
984 2986 1053 3044 tam
1068 3002 1132 3046 non
1146 2984 1324 3047 nominatis
1338 3004 1439 3067 quam

289 3079 464 3140 nominatis
479 3078 519 3139 ad
535 3080 667 3140 candem
684 3077 795 3140 sillam
809 3077 1054 3161 pertinentibus.
1092 3078 1179 3142 Hab.
1194 3083 1230 3141 et
1244 3082 1314 3143 ten.
1328 3080 1372 3143 de
1385 3101 1440 3144 me

289 3182 323 3238 ct
338 3178 403 3237 her.
420 3195 461 3237 m.
479 3176 513 3236 in
529 3195 617 3257 perp.
633 3174 690 3236 lib.
707 3176 773 3256 qui.
785 3175 922 3256 integre,
933 3173 1036 3236 solute
1051 3174 1093 3236 ab
1107 3194 1193 3237 omn.
1205 3194 1285 3237 serv.
1294 3182 1439 3239 consuet

289 3282 323 3334 ct
338 3274 422 3334 dem.
437 3292 506 3353 quae
521 3270 562 3331 ab
579 3271 687 3351 aliquo
702 3270 753 3331 vel
775 3269 934 3351 aliquibus
956 3270 1042 3352 exigi
1057 3276 1199 3352 possunt,
1214 3270 1305 3333 sicud
1326 3272 1440 3354 aliqua

289 3370 329 3431 cl.
355 3370 497 3450 quiecius
520 3371 554 3428 et
568 3366 683 3427 melius
699 3370 806 3447 potest
821 3366 891 3427 dari
906 3371 963 3427 aut
980 3366 1146 3448 possideri.
1184 3366 1229 3428 Et
1243 3386 1306 3449 ego
1319 3367 1439 3430 Petrus

290 3471 323 3525 ct
347 3466 414 3525 her.
430 3465 494 3524 mei
519 3468 623 3524 totam
639 3462 738 3542 praed.
765 3467 883 3522 terram
905 3481 978 3522 cum
1004 3463 1121 3543 pertin.
1136 3463 1227 3544 praef.
1242 3482 1309 3525 mc.
1323 3469 1439 3527 contra

290 3580 398 3621 omncs
413 3560 555 3621 homines
571 3576 643 3618 war.
660 3557 693 3617 in
710 3562 912 3639 perpetuum.
958 3558 1105 3622 Testibua
1121 3557 1219 3641 Hugo
1233 3558 1283 3635 de,
1298 3564 1362 3623 ete.

356 3752 455 3834 Hugo
470 3750 509 3813 de
526 3748 671 3823 Bailiolo,
686 3747 832 3810 salutem.
878 3748 995 3813 Sciatis
1020 3770 1074 3812 me
1099 3770 1224 3834 prosa.
1249 3770 1303 3815 au.
1327 3770 1373 3815 m.
1395 3751 1438 3815 ad

128 3839 167 3912 {⁴¹¹¹
178 3845 250 3890 'rma
290 3851 484 3930 peticionem
500 3847 588 3909 Petri
604 3844 643 3907 de
660 3843 855 3907 Gunwarton
871 3865 958 3907 conc.
969 3851 1004 3908 et
1018 3846 1049 3910 h.
1066 3866 1109 3908 m.
1125 3866 1157 3928 p.
1172 3866 1201 3909 c.
1217 3847 1302 3912 coni.
1318 3848 1388 3927 Deo
1402 3853 1438 3911 et

120 3919 203 4025 1¹:222,
228 3924 259 4017 ‚¹⁰
292 3947 329 4008 B.
346 3947 393 4007 Μ.
409 3951 442 4006 et
457 3964 520 4005 mo.
536 3942 576 4004 de
591 3942 683 4004 Novo
698 3940 788 4003 Mon.
804 3942 924 4004 donum
946 3942 1032 4023 quod
1046 3941 1162 4004 Petrus
1183 3942 1224 4005 de
1238 3942 1437 4007 Gunwarton

163 4100 168 4110 ,
229 4056 236 4072 ¹
292 4044 336 4103 eis
348 4042 440 4103 dedit
451 4042 483 4101 in
496 4038 552 4102 lib.
568 4044 602 4100 et
616 4057 705 4120 perp.
721 4036 762 4100 el.
775 4036 842 4099 scil.
854 4057 912 4119 per
922 4038 1042 4100 divisus
1052 4039 1196 4119 superius
1206 4039 1241 4100 in
1252 4038 1327 4102 aliis
1338 4040 1436 4103 cartis

160 4118 204 4153 ¹⁰⁹
290 4138 463 4199 nominatis
488 4156 543 4217 per
567 4135 685 4208 omnia,
701 4138 833 4215 excepto
859 4133 943 4215 quod
969 4133 1010 4195 de
1035 4139 1167 4215 pastura
1181 4133 1223 4196 dc
1238 4133 1435 4198 Gunwarton

290 4235 488 4294 mencionem
511 4252 574 4293 non
598 4231 688 4307 facit,
703 4229 758 4291 sed
781 4229 874 4305 dicit,
892 4228 996 4291 ‘Han
1012 4235 1045 4292 et
1069 4236 1135 4292 ten.
1151 4229 1186 4293 li.
1202 4231 1269 4312 qui.
1284 4230 1327 4293 ab
1348 4250 1435 4294 omn.

288 4349 368 4393 serv.
385 4349 458 4389 cum
477 4328 640 4390 communi
656 4332 785 4408 pastura
799 4329 833 4388 et
849 4345 935 4387 omn.
950 4323 992 4386 al.
1008 4325 1119 4388 asiam.
1136 4325 1177 4388 ad
1199 4326 1299 4408 praed.
1322 4326 1434 4390 villam

288 4427 327 4486 de
352 4424 527 4506 Swyuburn
550 4423 667 4503 pertin.
689 4425 723 4482 et
746 4440 819 4483 cum
841 4419 915 4481 aliis
938 4418 1161 4498 libertatibus,'
1176 4422 1266 4485 sicud
1289 4423 1324 4485 in
1347 4430 1435 4487 carm
