2940 5048
421 333 469 387 on
492 332 586 387 roro
611 333 846 388 norasrnnro.
1314 317 1384 389 125

25 518 104 582 pc.
121 521 173 566 m.
192 503 284 567 conf.
300 503 379 567 Deo
394 507 429 566 et
442 525 526 568 mon.
543 504 582 567 B.
598 504 645 566 M.
661 504 744 567 Novi
766 505 854 567 Mon.
874 526 931 588 pro
952 507 1009 568 sal.
1037 528 1090 571 an.
1112 529 1155 570 m.
1174 515 1208 570 et
1233 516 1316 564 erant
1328 515 1363 580 by

30 618 121 662 omn.
138 606 256 664 antec.
280 606 318 664 et
334 602 406 664 her.
425 621 469 664 ιιι.
484 601 518 662 in
533 601 591 663 lib.
608 621 681 683 pur.
702 609 737 663 et
752 622 841 684 perp.
858 602 899 664 el.
917 609 1021 665 totam
1047 606 1207 665 culturam
1232 582 1342 698 ῗέἐζξθξξ
1352 647 1383 696 of

36 717 149 760 meam
171 699 277 781 juxta
302 698 447 761 divisam
469 698 509 760 de
533 699 740 774 Flotwait0n‚
764 720 835 781 quae
861 707 992 761 vocatur
1016 701 1046 762 le
1072 702 1149 784 leys,
1169 721 1208 762 ex
1234 714 1292 763 ‘the
1307 713 1374 778 loys!

41 797 205 859 orientale
221 800 318 879 parte
334 797 440 859 exitus
454 794 541 857 villae
555 796 595 858 de
612 795 747 858 Kestern
760 796 905 877 partibus
915 794 995 882 (aie)
1006 798 1085 859 adeo
1100 797 1158 860 lib.
1174 803 1209 859 et

45 894 114 975 qui.
130 893 176 956 ab
191 913 283 956 omn,
299 893 444 955 serviciis
458 897 491 954 et
514 892 800 954 consuetudinibus
821 898 856 953 et
871 912 957 955 omn.
973 894 1067 955 rebus
1082 915 1152 976 quae
1167 894 1209 956 ab

49 990 161 1073 aliqua
176 995 267 1054 terra
283 991 372 1073 exigi
386 995 528 1071 possunt,
538 989 628 1053 sicud
645 989 754 1071 aliqua
770 988 809 1051 el.
825 989 958 1051 liberius
972 991 1041 1052 dari
1058 997 1209 1073 potestat

52 1087 224 1169 possideri.
248 1086 296 1148 Et
310 1106 372 1167 ego
385 1085 458 1148 Joh.
475 1084 592 1148 ether.
608 1105 650 1146 m.
668 1106 741 1146 war.
758 1087 855 1166 praed.
872 1107 958 1147 mon.
976 1088 1072 1167 praed.
1089 1095 1209 1149 terram

54 1202 130 1244 cum
144 1183 267 1265 pertin.
283 1187 397 1244 contra
412 1200 531 1242 omnes.

124 1374 251 1453 Sciant,
265 1378 329 1436 etc.
341 1374 427 1456 quod
442 1392 502 1455 ego
523 1372 689 1435 lohannes
715 1373 801 1434 filios
817 1374 951 1436 Patricii
967 1377 1041 1438 ded.
1064 1397 1152 1439 conc.
1174 1382 1208 1439 et
1287 1380 1332 1422 ι’·

57 1493 90 1556 p.
106 1493 137 1535 c.
151 1492 198 1534 m.
213 1471 299 1534 conf.
313 1470 382 1532 Deo
399 1478 433 1532 et
447 1490 535 1531 mon.
555 1468 683 1532 Sanctae
698 1470 813 1532 Mariae
828 1471 911 1532 Novi
930 1472 1020 1534 Mon.
1037 1474 1072 1534 in
1087 1494 1157 1556 pur.
1175 1479 1209 1535 et
1235 1438 1365 1563 ffltssi,

58 1589 148 1653 perp.
163 1567 205 1631 el.
221 1574 388 1650 pasturam
408 1567 443 1627 in
460 1586 573 1648 campo
595 1567 635 1628 de
650 1566 790 1628 Kestern
806 1566 847 1627 ad
864 1569 964 1628 sexies
980 1590 1021 1629 xx
1037 1589 1119 1644 oves,
1135 1589 1209 1630 cum
1235 1572 1263 1620 of
1272 1571 1385 1630 Potrici,

57 1666 152 1749 agnis
181 1684 304 1737 earum,
330 1663 492 1738 matrices,
517 1662 619 1724 donec
648 1668 857 1725 amoveantur
887 1665 929 1726 ad
954 1665 1073 1726 festum
1098 1664 1209 1727 Sancti
1235 1644 1370 1766 pgpastur-

59 1759 244 1835 Michaelis,
258 1761 349 1822 etad
363 1780 384 1820 x
398 1760 514 1821 arietes
530 1759 666 1841 singulis
676 1761 774 1845 annis
790 1780 809 1821 a
824 1760 905 1822 festo
916 1760 1028 1823 Sancti
1041 1760 1211 1822 Michaelis

59 1876 161 1941 usque
176 1857 219 1919 ad
234 1855 367 1932 Pascha,
377 1876 451 1917 cum
468 1854 540 1917 aliis
555 1850 687 1916 centuni
703 1855 815 1917 ovibus
831 1877 909 1938 quas
927 1856 1051 1918 habent
1070 1878 1109 1918 ex
1128 1857 1210 1918 dono

58 1954 162 2035 patris
176 1954 242 2016 mei
254 1952 390 2015 Patricii
403 1953 438 2013 in
447 1959 650 2033 perpetuum.
697 1953 839 2014 Tenend.
853 1959 887 2013 et
897 1952 1033 2014 habend.
1045 1953 1211 2034 praedictis

58 2050 226 2113 monachis
235 2050 302 2112 sine
317 2050 407 2111 omni
415 2048 655 2112 disturhacione
665 2054 699 2110 et
708 2055 902 2111 nocumento
912 2050 977 2109 mei
994 2047 1046 2110 vel
1057 2049 1211 2110 heredum

59 2166 205 2209 meorum
221 2147 256 2208 in
271 2150 472 2229 perpetuum.
519 2144 563 2205 Et
579 2145 745 2206 sciendum
760 2146 846 2226 quod
862 2165 921 2206 nec
932 2165 991 2226 ego
1007 2164 1065 2206 nec
1081 2145 1212 2207 heredes

60 2242 125 2305 mei
139 2240 454 2325 supercarcabimus¹
472 2239 661 2322 praedictam
685 2246 849 2323 pasturam
873 2241 988 2302 ahenis
1002 2242 1129 2318 averiis,
1152 2262 1210 2303 nec

58 2338 204 2421 aliquam
229 2340 365 2401 domum
388 2338 423 2398 in
447 2337 611 2398 communi
634 2343 767 2419 pastura
789 2338 830 2399 ad
851 2343 1082 2399 nocumentum
1102 2339 1211 2399 ovium

62 2435 293 2497 monachorum
309 2433 475 2495 faciemus.
524 2433 569 2494 Et
591 2453 652 2516 ego
675 2436 709 2494 et
735 2434 802 2495 her.
832 2454 876 2494 m.
902 2455 972 2495 war.
1000 2435 1096 2515 praed.
1123 2456 1210 2497 mon.

58 2529 146 2593 banc
171 2530 382 2594 donacionem
405 2538 515 2591 contra
539 2548 650 2591 omnes
676 2534 789 2611 gentes
815 2530 849 2591 in
876 2537 1078 2611 perpetuum.
1136 2532 1211 2593 Hiis

58 2628 209 2691 testibus.

126 2819 296 2897 Omnibus,
319 2824 383 2882 eto.
428 2818 591 2882 Jobannes
606 2819 692 2881 filius
717 2819 874 2882 Johannis
899 2821 939 2883 de
963 2821 1113 2898 Kestem,
1128 2822 1211 2884 s'alu-
1299 2821 1322 2885 ι’·

57 2922 139 2980 tem.
183 2916 348 2979 Noveritis
368 2936 420 2978 me
434 2914 530 2999 (ssa)
552 2936 610 2998 pro
631 2916 735 2978 salute
758 2937 811 2978 an.
833 2919 1055 2980 maturetis
1076 2940 1154 2981 mera
1177 2924 1211 2981 et
1234 2886 1361 3003 mu,

57 3032 147 3076 omn.
162 3017 266 3075 antec.
281 3012 393 3074 ether.
403 3031 446 3074 m.
466 3012 657 3074 concessisse
679 3018 713 3073 et
731 3033 763 3094 p.
780 3034 806 3075 c.
824 3034 866 3074 m.
889 3015 972 3075 conf.
989 3015 1057 3077 Deo
1073 3020 1108 3077 et
1125 3036 1209 3077 mon.
1236 3019 1344 3069 Gonoral

58 3108 203 3172 ecclesia)
218 3106 252 3172 S.
267 3107 382 3170 Mariae
396 3107 480 3170 Novi
497 3107 586 3169 Mon.
603 3109 636 3169 in
649 3129 719 3190 pur.
736 3114 771 3170 et
785 3129 874 3191 perp.
890 3110 931 3172 el.
948 3110 1086 3172 solutam
1103 3110 1159 3171 lib.
1176 3116 1211 3172 et
1235 3086 1363 3214 {ffiff

58 3204 126 3288 qui.
142 3202 184 3267 ab
199 3205 287 3266 omni
302 3204 444 3282 servicio,
460 3210 546 3266 secta
558 3210 592 3266 et
607 3206 787 3279 exaccione,
803 3227 911 3267 omnes
932 3213 1043 3281 terras,
1054 3213 1210 3287 pasturas,
1235 3215 1302 3265 John
1309 3232 1353 3266 son
1360 3215 1390 3285 ol

57 3301 302 3376 convenciones,
325 3302 536 3381 possessiones
559 3322 634 3363 cum
657 3301 807 3363 omnibus
835 3301 1042 3363 libertatibus
1066 3307 1099 3363 et
1129 3303 1211 3363 asia·
1235 3281 1344 3396 {3⁰02ssss

59 3398 181 3459 mentis
206 3397 272 3458 suis
296 3416 374 3479 quas
398 3396 519 3459 habent
545 3397 580 3457 in
598 3396 677 3458 villa
700 3403 734 3459 et
754 3398 917 3460 territorio
935 3397 974 3458 dc
1002 3397 1152 3472 Kestern‚
1172 3419 1210 3459 ex
1345 3385 1350 3399 ¹

58 3493 144 3556 dono
159 3491 211 3554 vel
225 3492 426 3554 concessione
441 3492 463 3555 J
465 3493 601 3554 ohannis
617 3494 779 3574 quondam
795 3494 896 3574 patris
919 3495 984 3554 mei
1000 3495 1051 3554 vel
1066 3499 1211 3555 anteces-

58 3608 166 3651 sorum
181 3608 339 3650 meorum.
386 3587 533 3651 Concessi
553 3591 657 3651 eciam
675 3590 720 3650 eis
741 3589 886 3651 clausum
908 3590 993 3671 quod
1015 3596 1107 3672 pater
1123 3611 1211 3652 meus

58 3685 105 3746 eis
119 3684 213 3748 dedit
227 3704 266 3746 ex
282 3683 431 3746 orientali
448 3688 539 3766 perte
558 3686 792 3768 grangiam,
809 3692 843 3747 et
864 3692 903 3747 ut
925 3688 1049 3768 possint
1064 3687 1211 3748 claudere

57 3800 211 3863 campum
233 3780 351 3843 fossato
377 3779 428 3842 vel
452 3800 545 3842 muro
569 3801 609 3842 ex
639 3781 817 3862 aquilonali
848 3787 940 3863 parte
970 3784 1114 3866 grangiae
1146 3803 1211 3845 suae

59 3882 219 3960 quantum
240 3882 326 3939 terra
344 3896 400 3939 sua
415 3876 522 3953 durat,
542 3877 633 3939 sicud
651 3882 744 3959 pater
763 3898 853 3939 meus
873 3879 920 3939 eis
939 3881 1106 3954 concessit,
1127 3884 1161 3940 et
1185 3879 1211 3938 si

59 3972 144 4035 forte
165 3971 519 4055 voluerintgrangiam
542 3992 633 4034 suam
659 3993 821 4035 removere
847 3973 889 4035 ad
916 3973 1083 4036 meliorem
1106 3975 1212 4036 locum

59 4068 157 4131 liceat
179 4070 227 4131 eis
250 4067 447 4151 ubicumque
468 4068 631 4130 voluerint
653 4069 688 4129 in
711 4075 796 4130 terra
821 4089 877 4129 sua
896 4069 980 4131 infra
1002 4090 1152 4151 campum
1175 4076 1210 4132 et

58 4165 305 4228 clausum'circa
320 4165 468 4227 sefacere
483 4165 518 4226 in
534 4185 590 4226 suo
602 4163 796 4227 sufficienter
809 4165 849 4226 ad
865 4166 975 4227 domos
983 4173 1017 4228 ct
1032 4167 1073 4228 ad
1083 4171 1210 4228 curtam

59 4264 127 4324 sine
141 4261 365 4345 inpedimento
380 4261 446 4323 mei
461 4260 512 4323 vel
526 4261 679 4324 heredum
695 4281 849 4323 meorum.
895 4263 1053 4324 Testibus.

125 4453 297 4531 Omnibus,
319 4458 383 4515 etc.
406 4452 568 4516 Johannes
590 4452 675 4515 filius
698 4452 856 4516 Johannis
880 4455 919 4516 de
950 4455 1100 4519 Kestern.
1146 4457 1213 4520 No-
1238 4494 1281 4541 ,he
1294 4509 1370 4551 „nm
