<?xml version="1.0" encoding="UTF-8"?>
<!DOCTYPE html PUBLIC "-//W3C//DTD XHTML 1.0 Transitional//EN"
    "http://www.w3.org/TR/xhtml1/DTD/xhtml1-transitional.dtd">
<html xmlns="http://www.w3.org/1999/xhtml" xml:lang="en" lang="en">
 <head>
  <title>
</title>
<meta http-equiv="Content-Type" content="text/html;charset=utf-8" />
  <meta name='ocr-system' content='tesseract 3.04.00' />
  <meta name='ocr-capabilities' content='ocr_page ocr_carea ocr_par ocr_line ocrx_word'/>
</head>
<body>
  <div class='ocr_page' id='page_1' title='image "./chartulariumabb00fowlgoog_0200.png"; bbox 0 0 2940 5048; ppageno 0'>
   <div class='ocr_carea' id='block_1_1' title="bbox 424 100 1388 172">
    <p class='ocr_par' dir='ltr' id='par_1_1' title="bbox 424 100 1388 172">
     <span class='ocr_line' id='line_1_1' title="bbox 424 100 1388 172; baseline -0.001 -2"><span class='ocrx_word' id='word_1_1' title='bbox 424 118 472 171; x_wconf 88' lang='lat' dir='ltr'>nn</span> <span class='ocrx_word' id='word_1_2' title='bbox 496 116 591 172; x_wconf 74' lang='lat' dir='ltr'>soro</span> <span class='ocrx_word' id='word_1_3' title='bbox 617 118 854 172; x_wconf 71' lang='lat' dir='ltr'>uouisrnaro.</span> <span class='ocrx_word' id='word_1_4' title='bbox 1318 100 1388 171; x_wconf 85' lang='grc'>165</span> 
     </span>
    </p>
   </div>
   <div class='ocr_carea' id='block_1_2' title="bbox 60 286 1388 2202">
    <p class='ocr_par' dir='ltr' id='par_1_2' title="bbox 60 286 1388 2202">
     <span class='ocr_line' id='line_1_2' title="bbox 123 286 1338 355; baseline 0.002 -6"><span class='ocrx_word' id='word_1_5' title='bbox 123 286 203 349; x_wconf 74' lang='lat' dir='ltr'>Haec</span> <span class='ocrx_word' id='word_1_6' title='bbox 215 290 267 349; x_wconf 87' lang='lat' dir='ltr'>est</span> <span class='ocrx_word' id='word_1_7' title='bbox 279 287 385 351; x_wconf 87' lang='lat' dir='ltr'>finalis</span> <span class='ocrx_word' id='word_1_8' title='bbox 400 288 569 351; x_wconf 88' lang='lat' dir='ltr'>concordia</span> <span class='ocrx_word' id='word_1_9' title='bbox 583 290 669 352; x_wconf 90' lang='lat' dir='ltr'>inter</span> <span class='ocrx_word' id='word_1_10' title='bbox 684 288 766 352; x_wconf 82' lang='lat' dir='ltr'>Abb.</span> <span class='ocrx_word' id='word_1_11' title='bbox 777 295 811 352; x_wconf 92' lang='lat' dir='ltr'>et</span> <span class='ocrx_word' id='word_1_12' title='bbox 827 289 924 355; x_wconf 82' lang='lat' dir='ltr'>Conv.</span> <span class='ocrx_word' id='word_1_13' title='bbox 936 290 999 353; x_wconf 90' lang='lat' dir='ltr'>No.</span> <span class='ocrx_word' id='word_1_14' title='bbox 1012 290 1079 353; x_wconf 92' lang='grc' dir='ltr'>Μο.</span> <span class='ocrx_word' id='word_1_15' title='bbox 1091 310 1130 352; x_wconf 91' lang='lat' dir='ltr'>ex</span> <span class='ocrx_word' id='word_1_16' title='bbox 1146 308 1211 351; x_wconf 91' lang='lat' dir='ltr'>una</span> <span class='ocrx_word' id='word_1_17' title='bbox 1291 300 1338 343; x_wconf 82' lang='lat' dir='ltr'>xx·</span> 
     </span>
     <span class='ocr_line' id='line_1_3' title="bbox 72 359 1388 491; baseline 0.003 -47"><span class='ocrx_word' id='word_1_18' title='bbox 72 388 147 465; x_wconf 79' lang='lat' dir='ltr'>parte</span> <span class='ocrx_word' id='word_1_19' title='bbox 161 389 197 445; x_wconf 93' lang='lat' dir='ltr'>et</span> <span class='ocrx_word' id='word_1_20' title='bbox 212 384 425 467; x_wconf 85' lang='lat' dir='ltr'>Radulphum</span> <span class='ocrx_word' id='word_1_21' title='bbox 439 385 479 447; x_wconf 92' lang='lat' dir='ltr'>de</span> <span class='ocrx_word' id='word_1_22' title='bbox 490 384 635 448; x_wconf 88' lang='lat' dir='ltr'>Feritate</span> <span class='ocrx_word' id='word_1_23' title='bbox 644 390 678 448; x_wconf 90' lang='lat' dir='ltr'>et</span> <span class='ocrx_word' id='word_1_24' title='bbox 688 386 792 448; x_wconf 86' lang='lat' dir='ltr'>Evam</span> <span class='ocrx_word' id='word_1_25' title='bbox 801 408 931 450; x_wconf 85' lang='lat' dir='ltr'>uxorem</span> <span class='ocrx_word' id='word_1_26' title='bbox 942 386 1023 469; x_wconf 85' lang='lat' dir='ltr'>ejus,</span> <span class='ocrx_word' id='word_1_27' title='bbox 1033 386 1211 448; x_wconf 88' lang='lat' dir='ltr'>Henricum</span> <span class='ocrx_word' id='word_1_28' title='bbox 1235 359 1388 491; x_wconf 49' lang='grc' dir='ltr'>ξξᾝξζπ</span> 
     </span>
     <span class='ocr_line' id='line_1_4' title="bbox 70 480 1341 566; baseline 0.002 -25"><span class='ocrx_word' id='word_1_29' title='bbox 70 480 101 541; x_wconf 90' lang='lat' dir='ltr'>de</span> <span class='ocrx_word' id='word_1_30' title='bbox 115 480 231 543; x_wconf 77' lang='lat' dir='ltr'>Larrall</span> <span class='ocrx_word' id='word_1_31' title='bbox 245 488 281 543; x_wconf 84' lang='lat' dir='ltr'>et</span> <span class='ocrx_word' id='word_1_32' title='bbox 295 480 491 563; x_wconf 87' lang='lat' dir='ltr'>Margeriam</span> <span class='ocrx_word' id='word_1_33' title='bbox 507 502 638 544; x_wconf 86' lang='lat' dir='ltr'>uxorem</span> <span class='ocrx_word' id='word_1_34' title='bbox 653 482 721 564; x_wconf 89' lang='lat' dir='ltr'>ejus</span> <span class='ocrx_word' id='word_1_35' title='bbox 736 504 776 544; x_wconf 88' lang='lat' dir='ltr'>ex</span> <span class='ocrx_word' id='word_1_36' title='bbox 794 484 907 560; x_wconf 89' lang='lat' dir='ltr'>altera,</span> <span class='ocrx_word' id='word_1_37' title='bbox 922 484 990 546; x_wconf 86' lang='lat' dir='ltr'>scil.</span> <span class='ocrx_word' id='word_1_38' title='bbox 1006 482 1091 566; x_wconf 93' lang='lat' dir='ltr'>quod</span> <span class='ocrx_word' id='word_1_39' title='bbox 1107 481 1211 544; x_wconf 92' lang='lat' dir='ltr'>omni·</span> <span class='ocrx_word' id='word_1_40' title='bbox 1234 507 1341 543; x_wconf 75' lang='lat' dir='ltr'>num.</span> 
     </span>
     <span class='ocr_line' id='line_1_5' title="bbox 70 562 1388 675; baseline 0.001 -38"><span class='ocrx_word' id='word_1_41' title='bbox 70 574 117 638; x_wconf 80' lang='lat' dir='ltr'>bus</span> <span class='ocrx_word' id='word_1_42' title='bbox 130 577 271 659; x_wconf 84' lang='lat' dir='ltr'>querelis</span> <span class='ocrx_word' id='word_1_43' title='bbox 280 584 314 640; x_wconf 90' lang='lat' dir='ltr'>et</span> <span class='ocrx_word' id='word_1_44' title='bbox 325 578 587 641; x_wconf 87' lang='lat' dir='ltr'>contencionibus</span> <span class='ocrx_word' id='word_1_45' title='bbox 596 581 764 641; x_wconf 75' lang='lat' dir='ltr'>retroactis</span> <span class='ocrx_word' id='word_1_46' title='bbox 773 600 811 642; x_wconf 87' lang='lat' dir='ltr'>ex</span> <span class='ocrx_word' id='word_1_47' title='bbox 823 587 960 663; x_wconf 87' lang='lat' dir='ltr'>utraque</span> <span class='ocrx_word' id='word_1_48' title='bbox 969 584 1061 663; x_wconf 89' lang='lat' dir='ltr'>parte</span> <span class='ocrx_word' id='word_1_49' title='bbox 1071 578 1211 642; x_wconf 80' lang='lat' dir='ltr'>remissis</span> <span class='ocrx_word' id='word_1_50' title='bbox 1236 562 1388 675; x_wconf 51' lang='lat' dir='ltr'>ffiwff‘ffg</span> 
     </span>
     <span class='ocr_line' id='line_1_6' title="bbox 67 662 1348 759; baseline 0.004 -24"><span class='ocrx_word' id='word_1_51' title='bbox 67 682 285 737; x_wconf 80' lang='lat' dir='ltr'>concesserunt</span> <span class='ocrx_word' id='word_1_52' title='bbox 306 681 341 736; x_wconf 84' lang='lat' dir='ltr'>et</span> <span class='ocrx_word' id='word_1_53' title='bbox 359 676 577 757; x_wconf 89' lang='lat' dir='ltr'>promiserunt</span> <span class='ocrx_word' id='word_1_54' title='bbox 591 676 626 737; x_wconf 89' lang='lat' dir='ltr'>in</span> <span class='ocrx_word' id='word_1_55' title='bbox 641 675 803 738; x_wconf 87' lang='lat' dir='ltr'>bonafide</span> <span class='ocrx_word' id='word_1_56' title='bbox 819 678 903 759; x_wconf 93' lang='lat' dir='ltr'>quod</span> <span class='ocrx_word' id='word_1_57' title='bbox 919 678 946 738; x_wconf 90' lang='lat' dir='ltr'>si</span> <span class='ocrx_word' id='word_1_58' title='bbox 961 678 1002 739; x_wconf 93' lang='lat' dir='ltr'>de</span> <span class='ocrx_word' id='word_1_59' title='bbox 1016 682 1131 739; x_wconf 87' lang='lat' dir='ltr'>caetero</span> <span class='ocrx_word' id='word_1_60' title='bbox 1151 673 1212 736; x_wconf 90' lang='lat' dir='ltr'>ali·</span> <span class='ocrx_word' id='word_1_61' title='bbox 1236 662 1348 740; x_wconf 57' lang='lat' dir='ltr'>Feriis}</span> 
     </span>
     <span class='ocr_line' id='line_1_7' title="bbox 65 756 1387 873; baseline 0 -41"><span class='ocrx_word' id='word_1_62' title='bbox 65 790 122 851; x_wconf 91' lang='lat' dir='ltr'>qua</span> <span class='ocrx_word' id='word_1_63' title='bbox 137 771 272 853; x_wconf 88' lang='lat' dir='ltr'>querela</span> <span class='ocrx_word' id='word_1_64' title='bbox 286 772 373 833; x_wconf 91' lang='lat' dir='ltr'>inter</span> <span class='ocrx_word' id='word_1_65' title='bbox 387 772 515 834; x_wconf 92' lang='lat' dir='ltr'>eosdem</span> <span class='ocrx_word' id='word_1_66' title='bbox 531 776 601 833; x_wconf 83' lang='lat' dir='ltr'>orta</span> <span class='ocrx_word' id='word_1_67' title='bbox 615 772 715 835; x_wconf 87' lang='lat' dir='ltr'>fuerit</span> <span class='ocrx_word' id='word_1_68' title='bbox 726 773 811 834; x_wconf 84' lang='lat' dir='ltr'>infra</span> <span class='ocrx_word' id='word_1_69' title='bbox 824 774 1017 836; x_wconf 86' lang='lat' dir='ltr'>comitatum</span> <span class='ocrx_word' id='word_1_70' title='bbox 1032 772 1212 834; x_wconf 91' lang='lat' dir='ltr'>Northum·</span> <span class='ocrx_word' id='word_1_71' title='bbox 1236 756 1289 872; x_wconf 37' lang='lat'>¹²¹}</span> <span class='ocrx_word' id='word_1_72' title='bbox 1302 757 1387 873; x_wconf 43' lang='lat'>⁰⁸¹9?</span> 
     </span>
     <span class='ocr_line' id='line_1_8' title="bbox 65 838 1386 949; baseline -0.002 -20"><span class='ocrx_word' id='word_1_73' title='bbox 65 866 137 929; x_wconf 73' lang='lat' dir='ltr'>brim</span> <span class='ocrx_word' id='word_1_74' title='bbox 161 866 215 929; x_wconf 83' lang='lat' dir='ltr'>vel</span> <span class='ocrx_word' id='word_1_75' title='bbox 237 868 457 949; x_wconf 86' lang='lat' dir='ltr'>episcopatum</span> <span class='ocrx_word' id='word_1_76' title='bbox 472 867 635 943; x_wconf 89' lang='lat' dir='ltr'>Donolm.‚</span> <span class='ocrx_word' id='word_1_77' title='bbox 650 869 718 930; x_wconf 91' lang='lat' dir='ltr'>sine</span> <span class='ocrx_word' id='word_1_78' title='bbox 740 868 898 933; x_wconf 87' lang='lat' dir='ltr'>dilacione</span> <span class='ocrx_word' id='word_1_79' title='bbox 930 869 1160 933; x_wconf 74' lang='lat' dir='ltr'>terminabitur</span> <span class='ocrx_word' id='word_1_80' title='bbox 1183 867 1211 928; x_wconf 86' lang='lat' dir='ltr'>si</span> <span class='ocrx_word' id='word_1_81' title='bbox 1236 838 1265 873; x_wconf 75' lang='lat'>⁸⁸</span> <span class='ocrx_word' id='word_1_82' title='bbox 1290 838 1352 873; x_wconf 66' lang='lat'><strong>⁰⁸⁰¹</strong></span> <span class='ocrx_word' id='word_1_83' title='bbox 1379 859 1386 873; x_wconf 85' lang='lat'>&#39;</span> 
     </span>
     <span class='ocr_line' id='line_1_9' title="bbox 63 963 1213 1048; baseline 0 -23"><span class='ocrx_word' id='word_1_84' title='bbox 63 964 182 1026; x_wconf 85' lang='lat' dir='ltr'>ibidem</span> <span class='ocrx_word' id='word_1_85' title='bbox 205 963 247 1026; x_wconf 92' lang='lat' dir='ltr'>de</span> <span class='ocrx_word' id='word_1_86' title='bbox 264 963 340 1045; x_wconf 92' lang='lat' dir='ltr'>jure</span> <span class='ocrx_word' id='word_1_87' title='bbox 362 965 464 1045; x_wconf 84' lang='lat' dir='ltr'>possit</span> <span class='ocrx_word' id='word_1_88' title='bbox 485 965 664 1042; x_wconf 86' lang='lat' dir='ltr'>terminari,</span> <span class='ocrx_word' id='word_1_89' title='bbox 686 965 782 1027; x_wconf 86' lang='lat' dir='ltr'>salvis</span> <span class='ocrx_word' id='word_1_90' title='bbox 804 969 839 1028; x_wconf 90' lang='lat' dir='ltr'>in</span> <span class='ocrx_word' id='word_1_91' title='bbox 862 965 1011 1028; x_wconf 90' lang='lat' dir='ltr'>omnibus</span> <span class='ocrx_word' id='word_1_92' title='bbox 1033 964 1213 1048; x_wconf 82' lang='lat' dir='ltr'>privilegiis</span> 
     </span>
     <span class='ocr_line' id='line_1_10' title="bbox 61 1060 1213 1144; baseline -0.002 -21"><span class='ocrx_word' id='word_1_93' title='bbox 61 1060 224 1123; x_wconf 85' lang='lat' dir='ltr'>dictorum</span> <span class='ocrx_word' id='word_1_94' title='bbox 246 1060 474 1122; x_wconf 89' lang='lat' dir='ltr'>monachorum</span> <span class='ocrx_word' id='word_1_95' title='bbox 489 1063 524 1122; x_wconf 91' lang='lat' dir='ltr'>et</span> <span class='ocrx_word' id='word_1_96' title='bbox 545 1061 666 1122; x_wconf 83' lang='lat' dir='ltr'>ordinis</span> <span class='ocrx_word' id='word_1_97' title='bbox 680 1062 731 1123; x_wconf 89' lang='lat' dir='ltr'>sui</span> <span class='ocrx_word' id='word_1_98' title='bbox 746 1063 993 1144; x_wconf 80' lang='lat' dir='ltr'>indempnitate.</span> <span class='ocrx_word' id='word_1_99' title='bbox 1052 1062 1213 1123; x_wconf 67' lang='lat' dir='ltr'>Praeterea</span> 
     </span>
     <span class='ocr_line' id='line_1_11' title="bbox 61 1158 1213 1239; baseline 0 -20"><span class='ocrx_word' id='word_1_100' title='bbox 61 1176 247 1219; x_wconf 83' lang='lat' dir='ltr'>concessum</span> <span class='ocrx_word' id='word_1_101' title='bbox 262 1160 366 1217; x_wconf 84' lang='lat' dir='ltr'>estex</span> <span class='ocrx_word' id='word_1_102' title='bbox 380 1162 516 1238; x_wconf 91' lang='lat' dir='ltr'>utraque</span> <span class='ocrx_word' id='word_1_103' title='bbox 530 1162 622 1239; x_wconf 92' lang='lat' dir='ltr'>parte</span> <span class='ocrx_word' id='word_1_104' title='bbox 632 1158 716 1239; x_wconf 94' lang='lat' dir='ltr'>quod</span> <span class='ocrx_word' id='word_1_105' title='bbox 726 1158 862 1239; x_wconf 86' lang='lat' dir='ltr'>quilibet</span> <span class='ocrx_word' id='word_1_106' title='bbox 873 1158 1003 1221; x_wconf 88' lang='lat' dir='ltr'>illorum</span> <span class='ocrx_word' id='word_1_107' title='bbox 1014 1164 1049 1221; x_wconf 91' lang='lat' dir='ltr'>et</span> <span class='ocrx_word' id='word_1_108' title='bbox 1059 1159 1147 1222; x_wconf 90' lang='lat' dir='ltr'>hom.</span> <span class='ocrx_word' id='word_1_109' title='bbox 1162 1159 1213 1219; x_wconf 91' lang='lat' dir='ltr'>sui</span> 
     </span>
     <span class='ocr_line' id='line_1_12' title="bbox 60 1251 1213 1337; baseline 0.003 -22"><span class='ocrx_word' id='word_1_110' title='bbox 60 1252 200 1315; x_wconf 87' lang='lat' dir='ltr'>liberum</span> <span class='ocrx_word' id='word_1_111' title='bbox 211 1254 386 1315; x_wconf 82' lang='lat' dir='ltr'>transitum</span> <span class='ocrx_word' id='word_1_112' title='bbox 396 1251 559 1314; x_wconf 89' lang='lat' dir='ltr'>habebunt</span> <span class='ocrx_word' id='word_1_113' title='bbox 567 1274 624 1335; x_wconf 93' lang='lat' dir='ltr'>per</span> <span class='ocrx_word' id='word_1_114' title='bbox 635 1260 735 1316; x_wconf 86' lang='lat' dir='ltr'>terras</span> <span class='ocrx_word' id='word_1_115' title='bbox 746 1256 917 1317; x_wconf 90' lang='lat' dir='ltr'>eorundem</span> <span class='ocrx_word' id='word_1_116' title='bbox 927 1276 966 1317; x_wconf 87' lang='lat' dir='ltr'>ex</span> <span class='ocrx_word' id='word_1_117' title='bbox 976 1260 1110 1337; x_wconf 84' lang='lat' dir='ltr'>utraque</span> <span class='ocrx_word' id='word_1_118' title='bbox 1121 1260 1213 1337; x_wconf 88' lang='lat' dir='ltr'>parte</span> 
     </span>
     <span class='ocr_line' id='line_1_13' title="bbox 61 1348 1213 1433; baseline 0 -20"><span class='ocrx_word' id='word_1_119' title='bbox 61 1354 153 1413; x_wconf 85' lang='lat' dir='ltr'>extra</span> <span class='ocrx_word' id='word_1_120' title='bbox 161 1348 296 1411; x_wconf 87' lang='lat' dir='ltr'>bladum</span> <span class='ocrx_word' id='word_1_121' title='bbox 304 1355 339 1412; x_wconf 93' lang='lat' dir='ltr'>et</span> <span class='ocrx_word' id='word_1_122' title='bbox 349 1354 478 1431; x_wconf 92' lang='lat' dir='ltr'>pratum</span> <span class='ocrx_word' id='word_1_123' title='bbox 487 1350 555 1411; x_wconf 88' lang='lat' dir='ltr'>sine</span> <span class='ocrx_word' id='word_1_124' title='bbox 565 1348 801 1433; x_wconf 84' lang='lat' dir='ltr'>mora(87b)in</span> <span class='ocrx_word' id='word_1_125' title='bbox 809 1355 940 1433; x_wconf 87' lang='lat' dir='ltr'>pastura</span> <span class='ocrx_word' id='word_1_126' title='bbox 948 1350 1103 1413; x_wconf 85' lang='lat' dir='ltr'>facienda.</span> <span class='ocrx_word' id='word_1_127' title='bbox 1127 1350 1213 1413; x_wconf 81' lang='lat' dir='ltr'>Prsa-</span> 
     </span>
     <span class='ocr_line' id='line_1_14' title="bbox 61 1445 1214 1528; baseline 0 -19"><span class='ocrx_word' id='word_1_128' title='bbox 61 1452 149 1509; x_wconf 78' lang='lat' dir='ltr'>terea</span> <span class='ocrx_word' id='word_1_129' title='bbox 161 1445 330 1509; x_wconf 75' lang='lat' dir='ltr'>saeculares</span> <span class='ocrx_word' id='word_1_130' title='bbox 345 1450 566 1507; x_wconf 84' lang='lat' dir='ltr'>conversantes</span> <span class='ocrx_word' id='word_1_131' title='bbox 588 1447 673 1528; x_wconf 88' lang='lat' dir='ltr'>apud</span> <span class='ocrx_word' id='word_1_132' title='bbox 697 1445 860 1509; x_wconf 82' lang='lat' dir='ltr'>Kideluud</span> <span class='ocrx_word' id='word_1_133' title='bbox 882 1448 1082 1528; x_wconf 82' lang='lat' dir='ltr'>praestabrmt</span> <span class='ocrx_word' id='word_1_134' title='bbox 1103 1447 1214 1509; x_wconf 87' lang='lat' dir='ltr'>abbati</span> 
     </span>
     <span class='ocr_line' id='line_1_15' title="bbox 61 1541 1213 1625; baseline 0.002 -22"><span class='ocrx_word' id='word_1_135' title='bbox 61 1542 113 1605; x_wconf 81' lang='lat' dir='ltr'>vel</span> <span class='ocrx_word' id='word_1_136' title='bbox 136 1542 304 1625; x_wconf 84' lang='lat' dir='ltr'>assignato</span> <span class='ocrx_word' id='word_1_137' title='bbox 327 1562 385 1604; x_wconf 91' lang='lat' dir='ltr'>suo</span> <span class='ocrx_word' id='word_1_138' title='bbox 410 1541 496 1623; x_wconf 93' lang='lat' dir='ltr'>quod</span> <span class='ocrx_word' id='word_1_139' title='bbox 523 1542 634 1604; x_wconf 89' lang='lat' dir='ltr'>boscus</span> <span class='ocrx_word' id='word_1_140' title='bbox 658 1541 818 1604; x_wconf 85' lang='lat' dir='ltr'>dictorum</span> <span class='ocrx_word' id='word_1_141' title='bbox 842 1543 987 1605; x_wconf 93' lang='lat' dir='ltr'>militum</span> <span class='ocrx_word' id='word_1_142' title='bbox 1011 1544 1213 1605; x_wconf 86' lang='lat' dir='ltr'>etheredum</span> 
     </span>
     <span class='ocr_line' id='line_1_16' title="bbox 60 1638 1214 1721; baseline -0.001 -20"><span class='ocrx_word' id='word_1_143' title='bbox 60 1660 190 1703; x_wconf 87' lang='lat' dir='ltr'>suorum</span> <span class='ocrx_word' id='word_1_144' title='bbox 205 1659 271 1701; x_wconf 92' lang='lat' dir='ltr'>non</span> <span class='ocrx_word' id='word_1_145' title='bbox 286 1638 569 1721; x_wconf 83' lang='lat' dir='ltr'>dampnificabitur</span> <span class='ocrx_word' id='word_1_146' title='bbox 582 1659 717 1721; x_wconf 86' lang='lat' dir='ltr'>percos,</span> <span class='ocrx_word' id='word_1_147' title='bbox 732 1643 766 1700; x_wconf 92' lang='lat' dir='ltr'>et</span> <span class='ocrx_word' id='word_1_148' title='bbox 781 1641 923 1701; x_wconf 89' lang='lat' dir='ltr'>conversi</span> <span class='ocrx_word' id='word_1_149' title='bbox 938 1640 1060 1703; x_wconf 88' lang='lat' dir='ltr'>ibidem</span> <span class='ocrx_word' id='word_1_150' title='bbox 1075 1640 1214 1701; x_wconf 86' lang='lat' dir='ltr'>residen-</span> 
     </span>
     <span class='ocr_line' id='line_1_17' title="bbox 60 1734 1214 1817; baseline -0.002 -18"><span class='ocrx_word' id='word_1_151' title='bbox 60 1742 110 1799; x_wconf 80' lang='lat' dir='ltr'>tes</span> <span class='ocrx_word' id='word_1_152' title='bbox 130 1736 194 1799; x_wconf 92' lang='lat' dir='ltr'>hoc</span> <span class='ocrx_word' id='word_1_153' title='bbox 215 1736 304 1798; x_wconf 90' lang='lat' dir='ltr'>idem</span> <span class='ocrx_word' id='word_1_154' title='bbox 325 1735 437 1797; x_wconf 84' lang='lat' dir='ltr'>abbati</span> <span class='ocrx_word' id='word_1_155' title='bbox 459 1736 493 1797; x_wconf 90' lang='lat' dir='ltr'>in</span> <span class='ocrx_word' id='word_1_156' title='bbox 516 1734 736 1797; x_wconf 84' lang='lat' dir='ltr'>obedientiam</span> <span class='ocrx_word' id='word_1_157' title='bbox 763 1737 967 1817; x_wconf 82' lang='lat' dir='ltr'>promittent.</span> <span class='ocrx_word' id='word_1_158' title='bbox 1009 1736 1089 1798; x_wconf 86' lang='lat' dir='ltr'>Haeo</span> <span class='ocrx_word' id='word_1_159' title='bbox 1104 1738 1214 1798; x_wconf 90' lang='lat' dir='ltr'>omnia</span> 
     </span>
     <span class='ocr_line' id='line_1_18' title="bbox 60 1830 1214 1915; baseline -0.001 -20"><span class='ocrx_word' id='word_1_160' title='bbox 60 1833 247 1915; x_wconf 87' lang='lat' dir='ltr'>supradicta</span> <span class='ocrx_word' id='word_1_161' title='bbox 267 1832 350 1895; x_wconf 89' lang='lat' dir='ltr'>dicti</span> <span class='ocrx_word' id='word_1_162' title='bbox 371 1830 468 1894; x_wconf 89' lang='lat' dir='ltr'>abbas</span> <span class='ocrx_word' id='word_1_163' title='bbox 490 1834 525 1894; x_wconf 87' lang='lat' dir='ltr'>et</span> <span class='ocrx_word' id='word_1_164' title='bbox 546 1836 720 1893; x_wconf 74' lang='lat' dir='ltr'>conventus</span> <span class='ocrx_word' id='word_1_165' title='bbox 740 1852 797 1913; x_wconf 88' lang='lat' dir='ltr'>pro</span> <span class='ocrx_word' id='word_1_166' title='bbox 817 1852 850 1894; x_wconf 89' lang='lat' dir='ltr'>se</span> <span class='ocrx_word' id='word_1_167' title='bbox 875 1837 908 1895; x_wconf 91' lang='lat' dir='ltr'>et</span> <span class='ocrx_word' id='word_1_168' title='bbox 932 1853 1065 1895; x_wconf 87' lang='lat' dir='ltr'>success.</span> <span class='ocrx_word' id='word_1_169' title='bbox 1091 1834 1156 1894; x_wconf 90' lang='lat' dir='ltr'>suis</span> <span class='ocrx_word' id='word_1_170' title='bbox 1179 1837 1214 1894; x_wconf 91' lang='lat' dir='ltr'>et</span> 
     </span>
     <span class='ocr_line' id='line_1_19' title="bbox 60 1927 1212 2009; baseline 0 -18"><span class='ocrx_word' id='word_1_171' title='bbox 60 1930 143 1991; x_wconf 88' lang='lat' dir='ltr'>dicti</span> <span class='ocrx_word' id='word_1_172' title='bbox 169 1930 294 1991; x_wconf 87' lang='lat' dir='ltr'>milites</span> <span class='ocrx_word' id='word_1_173' title='bbox 320 1932 356 1990; x_wconf 89' lang='lat' dir='ltr'>et</span> <span class='ocrx_word' id='word_1_174' title='bbox 379 1948 491 1990; x_wconf 85' lang='lat' dir='ltr'>uxores</span> <span class='ocrx_word' id='word_1_175' title='bbox 516 1948 627 1989; x_wconf 89' lang='lat' dir='ltr'>eorum</span> <span class='ocrx_word' id='word_1_176' title='bbox 652 1948 710 2009; x_wconf 88' lang='lat' dir='ltr'>pro</span> <span class='ocrx_word' id='word_1_177' title='bbox 734 1948 767 1989; x_wconf 87' lang='lat' dir='ltr'>se</span> <span class='ocrx_word' id='word_1_178' title='bbox 783 1933 816 1990; x_wconf 91' lang='lat' dir='ltr'>et</span> <span class='ocrx_word' id='word_1_179' title='bbox 831 1929 939 1991; x_wconf 86' lang='lat' dir='ltr'>hered.</span> <span class='ocrx_word' id='word_1_180' title='bbox 954 1929 1020 1989; x_wconf 86' lang='lat' dir='ltr'>suia</span> <span class='ocrx_word' id='word_1_181' title='bbox 1035 1927 1164 1991; x_wconf 79' lang='lat' dir='ltr'>stabilia</span> <span class='ocrx_word' id='word_1_182' title='bbox 1179 1932 1212 1991; x_wconf 92' lang='lat' dir='ltr'>et</span> 
     </span>
     <span class='ocr_line' id='line_1_20' title="bbox 61 2024 1375 2107; baseline -0.002 -20"><span class='ocrx_word' id='word_1_183' title='bbox 61 2024 154 2089; x_wconf 85' lang='lat' dir='ltr'>firma</span> <span class='ocrx_word' id='word_1_184' title='bbox 165 2032 200 2089; x_wconf 90' lang='lat' dir='ltr'>et</span> <span class='ocrx_word' id='word_1_185' title='bbox 210 2024 314 2089; x_wconf 77' lang='lat' dir='ltr'>illaesa</span> <span class='ocrx_word' id='word_1_186' title='bbox 324 2024 359 2085; x_wconf 93' lang='lat' dir='ltr'>in</span> <span class='ocrx_word' id='word_1_187' title='bbox 370 2028 562 2106; x_wconf 83' lang='lat' dir='ltr'>perpetumn</span> <span class='ocrx_word' id='word_1_188' title='bbox 574 2044 608 2085; x_wconf 91' lang='lat' dir='ltr'>se</span> <span class='ocrx_word' id='word_1_189' title='bbox 622 2024 788 2086; x_wconf 85' lang='lat' dir='ltr'>observare</span> <span class='ocrx_word' id='word_1_190' title='bbox 803 2029 1037 2102; x_wconf 79' lang='lat' dir='ltr'>concesscrrmt,</span> <span class='ocrx_word' id='word_1_191' title='bbox 1053 2029 1087 2086; x_wconf 93' lang='lat' dir='ltr'>et</span> <span class='ocrx_word' id='word_1_192' title='bbox 1102 2024 1212 2107; x_wconf 81' lang='lat' dir='ltr'>sigilla</span> <span class='ocrx_word' id='word_1_193' title='bbox 1237 2041 1288 2077; x_wconf 68' lang='lat' dir='ltr'>nn.</span> <span class='ocrx_word' id='word_1_194' title='bbox 1303 2030 1375 2078; x_wconf 71' lang='lat'><strong>12⁴⁰·</strong></span> 
     </span>
     <span class='ocr_line' id='line_1_21' title="bbox 61 2118 1213 2202; baseline -0.003 -16"><span class='ocrx_word' id='word_1_195' title='bbox 61 2142 118 2185; x_wconf 85' lang='lat' dir='ltr'>sua</span> <span class='ocrx_word' id='word_1_196' title='bbox 141 2121 330 2185; x_wconf 74' lang='lat' dir='ltr'>alternatim</span> <span class='ocrx_word' id='word_1_197' title='bbox 356 2120 501 2202; x_wconf 86' lang='lat' dir='ltr'>partibus</span> <span class='ocrx_word' id='word_1_198' title='bbox 525 2118 620 2200; x_wconf 91' lang='lat' dir='ltr'>hujus</span> <span class='ocrx_word' id='word_1_199' title='bbox 644 2120 803 2202; x_wconf 81' lang='lat' dir='ltr'>cirogroffi</span> <span class='ocrx_word' id='word_1_200' title='bbox 818 2126 1046 2202; x_wconf 85' lang='lat' dir='ltr'>apposuerunt.</span> <span class='ocrx_word' id='word_1_201' title='bbox 1090 2120 1213 2183; x_wconf 77' lang='lat' dir='ltr'>Actum</span> 
     </span>
    </p>
   </div>
   <div class='ocr_carea' id='block_1_3' title="bbox 61 2216 1214 2301">
    <p class='ocr_par' dir='ltr' id='par_1_3' title="bbox 61 2216 1214 2301">
     <span class='ocr_line' id='line_1_22' title="bbox 61 2216 1214 2301; baseline 0 -20"><span class='ocrx_word' id='word_1_202' title='bbox 61 2236 146 2281; x_wconf 87' lang='lat' dir='ltr'>anno</span> <span class='ocrx_word' id='word_1_203' title='bbox 160 2218 280 2301; x_wconf 71' lang='lat' dir='ltr'>graciae</span> <span class='ocrx_word' id='word_1_204' title='bbox 294 2224 343 2278; x_wconf 88' lang='lat' dir='ltr'>m⁰</span> <span class='ocrx_word' id='word_1_205' title='bbox 364 2224 415 2279; x_wconf 88' lang='lat' dir='ltr'>oc⁰</span> <span class='ocrx_word' id='word_1_206' title='bbox 435 2216 507 2279; x_wconf 75' lang='lat' dir='ltr'>ulmo</span> <span class='ocrx_word' id='word_1_207' title='bbox 529 2216 584 2279; x_wconf 90' lang='lat' dir='ltr'>die</span> <span class='ocrx_word' id='word_1_208' title='bbox 597 2216 715 2279; x_wconf 88' lang='lat' dir='ltr'>Martis</span> <span class='ocrx_word' id='word_1_209' title='bbox 730 2220 806 2279; x_wconf 88' lang='lat' dir='ltr'>aute</span> <span class='ocrx_word' id='word_1_210' title='bbox 821 2217 940 2279; x_wconf 86' lang='lat' dir='ltr'>festum</span> <span class='ocrx_word' id='word_1_211' title='bbox 956 2216 1084 2281; x_wconf 78' lang='lat' dir='ltr'>Sancto</span> <span class='ocrx_word' id='word_1_212' title='bbox 1099 2217 1214 2281; x_wconf 72' lang='lat' dir='ltr'>Maure</span> 
     </span>
    </p>
   </div>
   <div class='ocr_carea' id='block_1_4' title="bbox 61 2312 277 2399">
    <p class='ocr_par' dir='ltr' id='par_1_4' title="bbox 61 2312 277 2399">
     <span class='ocr_line' id='line_1_23' title="bbox 61 2312 277 2399; baseline 0 -22"><span class='ocrx_word' id='word_1_213' title='bbox 61 2312 277 2399; x_wconf 63' lang='lat' dir='ltr'>Magniana</span> 
     </span>
    </p>
   </div>
   <div class='ocr_carea' id='block_1_5' title="bbox 59 2505 1392 3746">
    <p class='ocr_par' dir='ltr' id='par_1_5' title="bbox 59 2505 1392 3746">
     <span class='ocr_line' id='line_1_24' title="bbox 129 2505 1345 2592; baseline -0.004 -20"><span class='ocrx_word' id='word_1_214' title='bbox 129 2506 299 2587; x_wconf 82' lang='lat' dir='ltr'>Omnibus,</span> <span class='ocrx_word' id='word_1_215' title='bbox 314 2511 378 2571; x_wconf 87' lang='lat' dir='ltr'>etc.</span> <span class='ocrx_word' id='word_1_216' title='bbox 408 2505 599 2588; x_wconf 87' lang='lat' dir='ltr'>Radulphus</span> <span class='ocrx_word' id='word_1_217' title='bbox 613 2506 654 2569; x_wconf 94' lang='lat' dir='ltr'>de</span> <span class='ocrx_word' id='word_1_218' title='bbox 669 2506 814 2569; x_wconf 85' lang='lat' dir='ltr'>Feritate</span> <span class='ocrx_word' id='word_1_219' title='bbox 837 2512 870 2569; x_wconf 93' lang='lat' dir='ltr'>et</span> <span class='ocrx_word' id='word_1_220' title='bbox 892 2508 963 2571; x_wconf 88' lang='lat' dir='ltr'>Eva</span> <span class='ocrx_word' id='word_1_221' title='bbox 986 2529 1065 2572; x_wconf 83' lang='lat' dir='ltr'>uxor</span> <span class='ocrx_word' id='word_1_222' title='bbox 1086 2508 1156 2592; x_wconf 89' lang='lat' dir='ltr'>ejus</span> <span class='ocrx_word' id='word_1_223' title='bbox 1179 2513 1214 2571; x_wconf 91' lang='lat' dir='ltr'>et</span> <span class='ocrx_word' id='word_1_224' title='bbox 1287 2515 1345 2583; x_wconf 81' lang='lat' dir='ltr'>xxj·</span> 
     </span>
     <span class='ocr_line' id='line_1_25' title="bbox 61 2584 1373 2700; baseline -0.002 -31"><span class='ocrx_word' id='word_1_225' title='bbox 61 2604 221 2669; x_wconf 81' lang='lat' dir='ltr'>Henrieus</span> <span class='ocrx_word' id='word_1_226' title='bbox 244 2602 287 2667; x_wconf 88' lang='lat' dir='ltr'>de</span> <span class='ocrx_word' id='word_1_227' title='bbox 311 2602 427 2665; x_wconf 86' lang='lat' dir='ltr'>Lauall</span> <span class='ocrx_word' id='word_1_228' title='bbox 445 2607 480 2665; x_wconf 93' lang='lat' dir='ltr'>et</span> <span class='ocrx_word' id='word_1_229' title='bbox 504 2602 652 2686; x_wconf 84' lang='lat' dir='ltr'>Mageria</span> <span class='ocrx_word' id='word_1_230' title='bbox 672 2624 751 2664; x_wconf 87' lang='lat' dir='ltr'>uxor</span> <span class='ocrx_word' id='word_1_231' title='bbox 768 2603 849 2685; x_wconf 86' lang='lat' dir='ltr'>ejus,</span> <span class='ocrx_word' id='word_1_232' title='bbox 864 2606 1014 2672; x_wconf 88' lang='lat' dir='ltr'>salutem.</span> <span class='ocrx_word' id='word_1_233' title='bbox 1058 2607 1141 2669; x_wconf 91' lang='lat' dir='ltr'>Nov.</span> <span class='ocrx_word' id='word_1_234' title='bbox 1156 2627 1214 2668; x_wconf 87' lang='lat' dir='ltr'>nos</span> <span class='ocrx_word' id='word_1_235' title='bbox 1239 2584 1373 2700; x_wconf 57' lang='lat' dir='ltr'>ssfffifr</span> 
     </span>
     <span class='ocr_line' id='line_1_26' title="bbox 60 2700 1365 2785; baseline 0 -20"><span class='ocrx_word' id='word_1_236' title='bbox 60 2720 121 2785; x_wconf 83' lang='lat' dir='ltr'>pro</span> <span class='ocrx_word' id='word_1_237' title='bbox 131 2700 189 2765; x_wconf 80' lang='lat' dir='ltr'>sal.</span> <span class='ocrx_word' id='word_1_238' title='bbox 200 2720 254 2765; x_wconf 83' lang='lat' dir='ltr'>an.</span> <span class='ocrx_word' id='word_1_239' title='bbox 265 2704 447 2763; x_wconf 88' lang='lat' dir='ltr'>nostrarum</span> <span class='ocrx_word' id='word_1_240' title='bbox 458 2703 493 2761; x_wconf 92' lang='lat' dir='ltr'>et</span> <span class='ocrx_word' id='word_1_241' title='bbox 507 2718 593 2761; x_wconf 88' lang='lat' dir='ltr'>omn.</span> <span class='ocrx_word' id='word_1_242' title='bbox 609 2704 713 2761; x_wconf 91' lang='lat' dir='ltr'>antec.</span> <span class='ocrx_word' id='word_1_243' title='bbox 725 2704 759 2761; x_wconf 90' lang='lat' dir='ltr'>et</span> <span class='ocrx_word' id='word_1_244' title='bbox 768 2700 836 2763; x_wconf 90' lang='lat' dir='ltr'>her.</span> <span class='ocrx_word' id='word_1_245' title='bbox 848 2706 1029 2764; x_wconf 87' lang='lat' dir='ltr'>nostrorum</span> <span class='ocrx_word' id='word_1_246' title='bbox 1041 2704 1112 2765; x_wconf 88' lang='lat' dir='ltr'>ded.</span> <span class='ocrx_word' id='word_1_247' title='bbox 1125 2724 1214 2765; x_wconf 89' lang='lat' dir='ltr'>conc.</span> <span class='ocrx_word' id='word_1_248' title='bbox 1239 2716 1365 2773; x_wconf 71' lang='lat' dir='ltr'>Riduna,</span> 
     </span>
     <span class='ocr_line' id='line_1_27' title="bbox 59 2782 1358 2898; baseline 0 -37"><span class='ocrx_word' id='word_1_249' title='bbox 59 2800 96 2861; x_wconf 74' lang='lat' dir='ltr'>et</span> <span class='ocrx_word' id='word_1_250' title='bbox 117 2816 150 2881; x_wconf 80' lang='lat' dir='ltr'>p.</span> <span class='ocrx_word' id='word_1_251' title='bbox 165 2816 194 2861; x_wconf 74' lang='lat' dir='ltr'>c.</span> <span class='ocrx_word' id='word_1_252' title='bbox 208 2816 243 2861; x_wconf 84' lang='lat' dir='ltr'>n.</span> <span class='ocrx_word' id='word_1_253' title='bbox 266 2796 352 2859; x_wconf 75' lang='lat' dir='ltr'>conf.</span> <span class='ocrx_word' id='word_1_254' title='bbox 366 2794 435 2859; x_wconf 76' lang='lat' dir='ltr'>neo</span> <span class='ocrx_word' id='word_1_255' title='bbox 456 2799 490 2858; x_wconf 73' lang='lat' dir='ltr'>ec</span> <span class='ocrx_word' id='word_1_256' title='bbox 505 2815 591 2857; x_wconf 82' lang='lat' dir='ltr'>mon.</span> <span class='ocrx_word' id='word_1_257' title='bbox 608 2797 685 2857; x_wconf 72' lang='lat' dir='ltr'>ecel.</span> <span class='ocrx_word' id='word_1_258' title='bbox 702 2795 735 2859; x_wconf 87' lang='lat' dir='ltr'>s.</span> <span class='ocrx_word' id='word_1_259' title='bbox 752 2797 799 2859; x_wconf 79' lang='lat' dir='ltr'>u.</span> <span class='ocrx_word' id='word_1_260' title='bbox 816 2798 877 2859; x_wconf 76' lang='lat' dir='ltr'>No.</span> <span class='ocrx_word' id='word_1_261' title='bbox 890 2799 957 2860; x_wconf 73' lang='lat' dir='ltr'>uo.</span> <span class='ocrx_word' id='word_1_262' title='bbox 974 2800 1010 2860; x_wconf 74' lang='lat' dir='ltr'>in</span> <span class='ocrx_word' id='word_1_263' title='bbox 1025 2799 1081 2861; x_wconf 78' lang='lat' dir='ltr'>no.</span> <span class='ocrx_word' id='word_1_264' title='bbox 1094 2821 1164 2881; x_wconf 75' lang='lat' dir='ltr'>pur.</span> <span class='ocrx_word' id='word_1_265' title='bbox 1180 2806 1215 2862; x_wconf 71' lang='lat' dir='ltr'>a</span> <span class='ocrx_word' id='word_1_266' title='bbox 1239 2782 1358 2898; x_wconf 56' lang='lat' dir='ltr'>lffl</span> 
     </span>
     <span class='ocr_line' id='line_1_28' title="bbox 59 2892 1392 2977; baseline 0.001 -21"><span class='ocrx_word' id='word_1_267' title='bbox 59 2912 152 2977; x_wconf 86' lang='lat' dir='ltr'>perp.</span> <span class='ocrx_word' id='word_1_268' title='bbox 166 2892 208 2957; x_wconf 91' lang='lat' dir='ltr'>el.</span> <span class='ocrx_word' id='word_1_269' title='bbox 222 2892 386 2977; x_wconf 86' lang='lat' dir='ltr'>quandam</span> <span class='ocrx_word' id='word_1_270' title='bbox 401 2896 527 2975; x_wconf 88' lang='lat' dir='ltr'>partem</span> <span class='ocrx_word' id='word_1_271' title='bbox 537 2896 630 2954; x_wconf 84' lang='lat' dir='ltr'>tcrrae</span> <span class='ocrx_word' id='word_1_272' title='bbox 636 2892 733 2973; x_wconf 86' lang='lat' dir='ltr'>juxta</span> <span class='ocrx_word' id='word_1_273' title='bbox 745 2892 906 2956; x_wconf 88' lang='lat' dir='ltr'>Kidcland</span> <span class='ocrx_word' id='word_1_274' title='bbox 917 2915 955 2956; x_wconf 86' lang='lat' dir='ltr'>ex</span> <span class='ocrx_word' id='word_1_275' title='bbox 964 2895 1113 2957; x_wconf 86' lang='lat' dir='ltr'>orientali</span> <span class='ocrx_word' id='word_1_276' title='bbox 1123 2900 1215 2977; x_wconf 83' lang='lat' dir='ltr'>parte</span> <span class='ocrx_word' id='word_1_277' title='bbox 1239 2914 1392 2965; x_wconf 71' lang='lat' dir='ltr'>audouera.</span> 
     </span>
     <span class='ocr_line' id='line_1_29' title="bbox 59 2987 1216 3073; baseline -0.001 -19"><span class='ocrx_word' id='word_1_278' title='bbox 59 2990 104 3055; x_wconf 83' lang='lat' dir='ltr'>de</span> <span class='ocrx_word' id='word_1_279' title='bbox 116 2988 245 3053; x_wconf 78' lang='lat' dir='ltr'>Alwcnt</span> <span class='ocrx_word' id='word_1_280' title='bbox 259 2988 349 3051; x_wconf 88' lang='lat' dir='ltr'>sicud</span> <span class='ocrx_word' id='word_1_281' title='bbox 363 2987 526 3051; x_wconf 79' lang='lat' dir='ltr'>clauditur</span> <span class='ocrx_word' id='word_1_282' title='bbox 540 2988 658 3051; x_wconf 86' lang='lat' dir='ltr'>fossato</span> <span class='ocrx_word' id='word_1_283' title='bbox 673 2989 724 3051; x_wconf 86' lang='lat' dir='ltr'>vel</span> <span class='ocrx_word' id='word_1_284' title='bbox 739 3010 831 3051; x_wconf 86' lang='lat' dir='ltr'>muro</span> <span class='ocrx_word' id='word_1_285' title='bbox 847 2990 888 3050; x_wconf 86' lang='lat' dir='ltr'>ab</span> <span class='ocrx_word' id='word_1_286' title='bbox 903 2990 1144 3071; x_wconf 83' lang='lat' dir='ltr'>Alrchopeburn</span> <span class='ocrx_word' id='word_1_287' title='bbox 1159 3012 1216 3073; x_wconf 87' lang='lat' dir='ltr'>por</span> 
     </span>
     <span class='ocr_line' id='line_1_30' title="bbox 59 3084 1216 3167; baseline 0.001 -18"><span class='ocrx_word' id='word_1_288' title='bbox 59 3090 279 3149; x_wconf 66' lang='lat' dir='ltr'>trmsvusum</span> <span class='ocrx_word' id='word_1_289' title='bbox 294 3104 393 3167; x_wconf 89' lang='lat' dir='ltr'>usque</span> <span class='ocrx_word' id='word_1_290' title='bbox 403 3084 438 3145; x_wconf 89' lang='lat' dir='ltr'>iu</span> <span class='ocrx_word' id='word_1_291' title='bbox 449 3084 586 3147; x_wconf 81' lang='lat' dir='ltr'>Alwent.</span> <span class='ocrx_word' id='word_1_292' title='bbox 608 3084 768 3148; x_wconf 73' lang='lat' dir='ltr'>Praeterea</span> <span class='ocrx_word' id='word_1_293' title='bbox 783 3086 993 3146; x_wconf 84' lang='lat' dir='ltr'>concessimus</span> <span class='ocrx_word' id='word_1_294' title='bbox 1008 3106 1066 3167; x_wconf 89' lang='lat' dir='ltr'>pro</span> <span class='ocrx_word' id='word_1_295' title='bbox 1076 3086 1166 3148; x_wconf 88' lang='lat' dir='ltr'>nobis</span> <span class='ocrx_word' id='word_1_296' title='bbox 1182 3093 1216 3150; x_wconf 89' lang='lat' dir='ltr'>et</span> 
     </span>
     <span class='ocr_line' id='line_1_31' title="bbox 59 3180 1216 3263; baseline -0.003 -15"><span class='ocrx_word' id='word_1_297' title='bbox 59 3184 129 3248; x_wconf 85' lang='lat' dir='ltr'>her.</span> <span class='ocrx_word' id='word_1_298' title='bbox 144 3202 178 3245; x_wconf 86' lang='lat' dir='ltr'>n.</span> <span class='ocrx_word' id='word_1_299' title='bbox 193 3182 237 3245; x_wconf 88' lang='lat' dir='ltr'>ad</span> <span class='ocrx_word' id='word_1_300' title='bbox 256 3181 447 3245; x_wconf 82' lang='lat' dir='ltr'>evitandum</span> <span class='ocrx_word' id='word_1_301' title='bbox 463 3180 644 3263; x_wconf 85' lang='lat' dir='ltr'>periculum</span> <span class='ocrx_word' id='word_1_302' title='bbox 665 3183 791 3263; x_wconf 89' lang='lat' dir='ltr'>peccati</span> <span class='ocrx_word' id='word_1_303' title='bbox 812 3181 896 3263; x_wconf 89' lang='lat' dir='ltr'>quod</span> <span class='ocrx_word' id='word_1_304' title='bbox 912 3202 1078 3263; x_wconf 88' lang='lat' dir='ltr'>nunquam</span> <span class='ocrx_word' id='word_1_305' title='bbox 1101 3182 1216 3245; x_wconf 91' lang='lat' dir='ltr'>domus</span> 
     </span>
     <span class='ocr_line' id='line_1_32' title="bbox 59 3278 1216 3359; baseline -0.003 -16"><span class='ocrx_word' id='word_1_306' title='bbox 59 3278 278 3343; x_wconf 70' lang='lat' dir='ltr'>edificabitur</span> <span class='ocrx_word' id='word_1_307' title='bbox 298 3278 412 3341; x_wconf 88' lang='lat' dir='ltr'>subtus</span> <span class='ocrx_word' id='word_1_308' title='bbox 428 3296 586 3359; x_wconf 82' lang='lat' dir='ltr'>magnum</span> <span class='ocrx_word' id='word_1_309' title='bbox 607 3282 751 3339; x_wconf 90' lang='lat' dir='ltr'>montem</span> <span class='ocrx_word' id='word_1_310' title='bbox 775 3278 815 3339; x_wconf 87' lang='lat' dir='ltr'>de</span> <span class='ocrx_word' id='word_1_311' title='bbox 836 3278 982 3339; x_wconf 79' lang='lat' dir='ltr'>l&#39;auland</span> <span class='ocrx_word' id='word_1_312' title='bbox 1004 3298 1110 3339; x_wconf 84' lang='lat' dir='ltr'>versus</span> <span class='ocrx_word' id='word_1_313' title='bbox 1133 3278 1216 3340; x_wconf 90' lang='lat' dir='ltr'>Kid-</span> 
     </span>
     <span class='ocr_line' id='line_1_33' title="bbox 59 3374 1216 3456; baseline -0.001 -17"><span class='ocrx_word' id='word_1_314' title='bbox 59 3374 151 3439; x_wconf 77' lang='lat' dir='ltr'>land.</span> <span class='ocrx_word' id='word_1_315' title='bbox 195 3374 353 3439; x_wconf 85' lang='lat' dir='ltr'>Dedimus</span> <span class='ocrx_word' id='word_1_316' title='bbox 382 3378 417 3437; x_wconf 90' lang='lat' dir='ltr'>et</span> <span class='ocrx_word' id='word_1_317' title='bbox 436 3374 650 3437; x_wconf 86' lang='lat' dir='ltr'>concessimus</span> <span class='ocrx_word' id='word_1_318' title='bbox 671 3375 768 3456; x_wconf 68' lang='lat' dir='ltr'>praed.</span> <span class='ocrx_word' id='word_1_319' title='bbox 792 3395 856 3436; x_wconf 91' lang='lat' dir='ltr'>mo.</span> <span class='ocrx_word' id='word_1_320' title='bbox 881 3374 1021 3436; x_wconf 83' lang='lat' dir='ltr'>liborum</span> <span class='ocrx_word' id='word_1_321' title='bbox 1046 3376 1092 3436; x_wconf 88' lang='lat' dir='ltr'>ire</span> <span class='ocrx_word' id='word_1_322' title='bbox 1114 3380 1148 3437; x_wconf 91' lang='lat' dir='ltr'>ct</span> <span class='ocrx_word' id='word_1_323' title='bbox 1167 3396 1216 3438; x_wconf 89' lang='lat' dir='ltr'>re·</span> 
     </span>
     <span class='ocr_line' id='line_1_34' title="bbox 59 3470 1324 3551; baseline -0.008 -12"><span class='ocrx_word' id='word_1_324' title='bbox 59 3474 133 3539; x_wconf 81' lang='lat' dir='ltr'>dira</span> <span class='ocrx_word' id='word_1_325' title='bbox 155 3472 220 3537; x_wconf 82' lang='lat' dir='ltr'>sibi</span> <span class='ocrx_word' id='word_1_326' title='bbox 243 3477 279 3535; x_wconf 85' lang='lat' dir='ltr'>et</span> <span class='ocrx_word' id='word_1_327' title='bbox 301 3472 389 3534; x_wconf 89' lang='lat' dir='ltr'>hom.</span> <span class='ocrx_word' id='word_1_328' title='bbox 413 3476 448 3533; x_wconf 87' lang='lat' dir='ltr'>et</span> <span class='ocrx_word' id='word_1_329' title='bbox 473 3471 599 3547; x_wconf 88' lang='lat' dir='ltr'>averiis,</span> <span class='ocrx_word' id='word_1_330' title='bbox 622 3470 771 3551; x_wconf 77' lang='lat' dir='ltr'>caringiis</span> <span class='ocrx_word' id='word_1_331' title='bbox 795 3475 830 3533; x_wconf 93' lang='lat' dir='ltr'>ct</span> <span class='ocrx_word' id='word_1_332' title='bbox 858 3472 1050 3533; x_wconf 90' lang='lat' dir='ltr'>omnimodis</span> <span class='ocrx_word' id='word_1_333' title='bbox 1076 3474 1215 3534; x_wconf 89' lang='lat' dir='ltr'>vecturis</span> <span class='ocrx_word' id='word_1_334' title='bbox 1245 3476 1324 3529; x_wconf 74' lang='lat' dir='ltr'>Vallia</span> 
     </span>
     <span class='ocr_line' id='line_1_35' title="bbox 60 3543 1390 3658; baseline -0.002 -25"><span class='ocrx_word' id='word_1_335' title='bbox 60 3570 129 3653; x_wconf 82' lang='lat' dir='ltr'>suis</span> <span class='ocrx_word' id='word_1_336' title='bbox 142 3570 266 3653; x_wconf 88' lang='lat' dir='ltr'>ubique</span> <span class='ocrx_word' id='word_1_337' title='bbox 279 3571 505 3651; x_wconf 84' lang='lat' dir='ltr'>superterram</span> <span class='ocrx_word' id='word_1_338' title='bbox 520 3572 663 3629; x_wconf 85' lang='lat' dir='ltr'>nostram</span> <span class='ocrx_word' id='word_1_339' title='bbox 685 3587 742 3649; x_wconf 91' lang='lat' dir='ltr'>per</span> <span class='ocrx_word' id='word_1_340' title='bbox 764 3566 882 3629; x_wconf 80' lang='lat' dir='ltr'>vallem</span> <span class='ocrx_word' id='word_1_341' title='bbox 904 3568 991 3629; x_wconf 85' lang='lat' dir='ltr'>iuter</span> <span class='ocrx_word' id='word_1_342' title='bbox 1016 3568 1158 3630; x_wconf 85' lang='lat' dir='ltr'>Kidland</span> <span class='ocrx_word' id='word_1_343' title='bbox 1181 3573 1215 3631; x_wconf 92' lang='lat' dir='ltr'>et</span> <span class='ocrx_word' id='word_1_344' title='bbox 1239 3543 1390 3658; x_wconf 53' lang='lat' dir='ltr'>{fflffld&#39;</span> 
     </span>
     <span class='ocr_line' id='line_1_36' title="bbox 60 3663 1339 3746; baseline -0.003 -17"><span class='ocrx_word' id='word_1_345' title='bbox 60 3664 191 3729; x_wconf 82' lang='lat' dir='ltr'>Cleuill.</span> <span class='ocrx_word' id='word_1_346' title='bbox 236 3664 317 3729; x_wconf 85' lang='lat' dir='ltr'>Haec</span> <span class='ocrx_word' id='word_1_347' title='bbox 340 3664 451 3727; x_wconf 85' lang='lat' dir='ltr'>omnia</span> <span class='ocrx_word' id='word_1_348' title='bbox 473 3663 629 3745; x_wconf 66' lang='lat' dir='ltr'>praedicta</span> <span class='ocrx_word' id='word_1_349' title='bbox 653 3682 711 3725; x_wconf 84' lang='lat' dir='ltr'>nos</span> <span class='ocrx_word' id='word_1_350' title='bbox 731 3668 764 3725; x_wconf 90' lang='lat' dir='ltr'>et</span> <span class='ocrx_word' id='word_1_351' title='bbox 787 3664 854 3725; x_wconf 88' lang='lat' dir='ltr'>her.</span> <span class='ocrx_word' id='word_1_352' title='bbox 879 3684 912 3725; x_wconf 92' lang='lat' dir='ltr'>n.</span> <span class='ocrx_word' id='word_1_353' title='bbox 938 3666 1036 3746; x_wconf 74' lang='lat' dir='ltr'>prccd.</span> <span class='ocrx_word' id='word_1_354' title='bbox 1061 3684 1124 3727; x_wconf 89' lang='lat' dir='ltr'>mo.</span> <span class='ocrx_word' id='word_1_355' title='bbox 1142 3686 1215 3727; x_wconf 88' lang='lat' dir='ltr'>war.</span> <span class='ocrx_word' id='word_1_356' title='bbox 1242 3674 1339 3725; x_wconf 69' lang='lat' dir='ltr'>c&#39;leniu.</span> 
     </span>
    </p>
   </div>
   <div class='ocr_carea' id='block_1_6' title="bbox 60 3759 934 3843">
    <p class='ocr_par' dir='ltr' id='par_1_6' title="bbox 60 3759 934 3843">
     <span class='ocr_line' id='line_1_37' title="bbox 60 3759 934 3843; baseline -0.005 -18"><span class='ocrx_word' id='word_1_357' title='bbox 60 3766 177 3825; x_wconf 85' lang='lat' dir='ltr'>contra</span> <span class='ocrx_word' id='word_1_358' title='bbox 190 3780 279 3825; x_wconf 89' lang='lat' dir='ltr'>omn.</span> <span class='ocrx_word' id='word_1_359' title='bbox 293 3762 382 3825; x_wconf 89' lang='lat' dir='ltr'>hom.</span> <span class='ocrx_word' id='word_1_360' title='bbox 396 3760 432 3823; x_wconf 88' lang='lat' dir='ltr'>in</span> <span class='ocrx_word' id='word_1_361' title='bbox 447 3762 652 3843; x_wconf 88' lang='lat' dir='ltr'>perpetuum.</span> <span class='ocrx_word' id='word_1_362' title='bbox 698 3760 773 3822; x_wconf 89' lang='lat' dir='ltr'>Hiis</span> <span class='ocrx_word' id='word_1_363' title='bbox 788 3759 934 3822; x_wconf 85' lang='lat' dir='ltr'>testibus.</span> 
     </span>
    </p>
   </div>
   <div class='ocr_carea' id='block_1_7' title="bbox 524 3994 1393 4080">
    <p class='ocr_par' dir='ltr' id='par_1_7' title="bbox 524 3994 1393 4080">
     <span class='ocr_line' id='line_1_38' title="bbox 524 3994 1393 4080; baseline 0 -18"><span class='ocrx_word' id='word_1_364' title='bbox 524 3994 774 4063; x_wconf 63' lang='lat' dir='ltr'>refrenor.</span> <span class='ocrx_word' id='word_1_365' title='bbox 1238 4014 1319 4065; x_wconf 57' lang='lat' dir='ltr'>nea</span> <span class='ocrx_word' id='word_1_366' title='bbox 1334 4012 1393 4080; x_wconf 67' lang='lat' dir='ltr'>aj-</span> 
     </span>
    </p>
   </div>
   <div class='ocr_carea' id='block_1_8' title="bbox 60 4142 1363 4309">
    <p class='ocr_par' dir='ltr' id='par_1_8' title="bbox 60 4142 1363 4309">
     <span class='ocr_line' id='line_1_39' title="bbox 127 4142 1326 4244; baseline -0.001 -33"><span class='ocrx_word' id='word_1_367' title='bbox 127 4146 252 4223; x_wconf 85' lang='lat' dir='ltr'>Sciaut,</span> <span class='ocrx_word' id='word_1_368' title='bbox 267 4150 332 4211; x_wconf 92' lang='lat' dir='ltr'>etc.</span> <span class='ocrx_word' id='word_1_369' title='bbox 347 4144 432 4229; x_wconf 90' lang='lat' dir='ltr'>quod</span> <span class='ocrx_word' id='word_1_370' title='bbox 447 4164 508 4228; x_wconf 76' lang='lat' dir='ltr'>ego</span> <span class='ocrx_word' id='word_1_371' title='bbox 524 4145 622 4229; x_wconf 79' lang='lat' dir='ltr'>Hugo</span> <span class='ocrx_word' id='word_1_372' title='bbox 636 4144 677 4205; x_wconf 90' lang='lat' dir='ltr'>de</span> <span class='ocrx_word' id='word_1_373' title='bbox 692 4142 866 4224; x_wconf 85' lang='lat' dir='ltr'>Lakeneby</span> <span class='ocrx_word' id='word_1_374' title='bbox 881 4143 956 4205; x_wconf 90' lang='lat' dir='ltr'>dedi</span> <span class='ocrx_word' id='word_1_375' title='bbox 974 4164 1063 4207; x_wconf 90' lang='lat' dir='ltr'>conc.</span> <span class='ocrx_word' id='word_1_376' title='bbox 1079 4148 1112 4207; x_wconf 85' lang='lat' dir='ltr'>et</span> <span class='ocrx_word' id='word_1_377' title='bbox 1131 4144 1165 4209; x_wconf 92' lang='lat' dir='ltr'>h.</span> <span class='ocrx_word' id='word_1_378' title='bbox 1180 4165 1212 4227; x_wconf 90' lang='lat' dir='ltr'>p.</span> <span class='ocrx_word' id='word_1_379' title='bbox 1304 4176 1326 4244; x_wconf 87' lang='lat' dir='ltr'>j·</span> 
     </span>
     <span class='ocr_line' id='line_1_40' title="bbox 60 4239 1363 4309; baseline -0.003 -2"><span class='ocrx_word' id='word_1_380' title='bbox 60 4264 91 4307; x_wconf 91' lang='lat' dir='ltr'>c.</span> <span class='ocrx_word' id='word_1_381' title='bbox 105 4264 152 4309; x_wconf 89' lang='lat' dir='ltr'>m.</span> <span class='ocrx_word' id='word_1_382' title='bbox 167 4244 252 4309; x_wconf 81' lang='lat' dir='ltr'>conf.</span> <span class='ocrx_word' id='word_1_383' title='bbox 268 4242 338 4307; x_wconf 88' lang='lat' dir='ltr'>Deo</span> <span class='ocrx_word' id='word_1_384' title='bbox 352 4248 387 4307; x_wconf 87' lang='lat' dir='ltr'>et</span> <span class='ocrx_word' id='word_1_385' title='bbox 401 4242 443 4307; x_wconf 88' lang='lat' dir='ltr'>B.</span> <span class='ocrx_word' id='word_1_386' title='bbox 457 4241 508 4307; x_wconf 81' lang='lat' dir='ltr'>M.</span> <span class='ocrx_word' id='word_1_387' title='bbox 523 4246 558 4307; x_wconf 93' lang='lat' dir='ltr'>et</span> <span class='ocrx_word' id='word_1_388' title='bbox 572 4264 638 4305; x_wconf 92' lang='lat' dir='ltr'>mo.</span> <span class='ocrx_word' id='word_1_389' title='bbox 653 4239 716 4303; x_wconf 91' lang='lat' dir='ltr'>No.</span> <span class='ocrx_word' id='word_1_390' title='bbox 732 4240 799 4303; x_wconf 84' lang='lat' dir='ltr'>Mo.</span> <span class='ocrx_word' id='word_1_391' title='bbox 815 4239 939 4303; x_wconf 88' lang='lat' dir='ltr'>ibidem</span> <span class='ocrx_word' id='word_1_392' title='bbox 955 4240 1023 4303; x_wconf 88' lang='lat' dir='ltr'>Deo</span> <span class='ocrx_word' id='word_1_393' title='bbox 1046 4242 1215 4306; x_wconf 76' lang='lat' dir='ltr'>servienti·</span> <span class='ocrx_word' id='word_1_394' title='bbox 1239 4246 1322 4297; x_wconf 77' lang='lat' dir='ltr'>Grant</span> <span class='ocrx_word' id='word_1_395' title='bbox 1333 4246 1363 4296; x_wconf 74' lang='lat' dir='ltr'>os</span> 
     </span>
    </p>
   </div>
   <div class='ocr_carea' id='block_1_9' title="bbox 0 0 1474 5048">
    <p class='ocr_par' dir='ltr' id='par_1_9' title="bbox 0 0 1474 5048">
     <span class='ocr_line' id='line_1_41' title="bbox 0 0 1474 5048; baseline 0 1"><span class='ocrx_word' id='word_1_396' title='bbox 0 0 1474 5048; x_wconf 95' lang='lat' dir='ltr'> </span> 
     </span>
    </p>
   </div>
  </div>
 </body>
</html>
