2940 5048
697 327 969 380 cflnssrt'ulau'u

258 503 292 560 et
308 518 398 560 conv.
415 497 507 560 nobis
523 519 589 580 prae
605 498 752 560 manibus
768 504 973 579 pacavenmt.
1005 498 1087 560 Ten.
1102 504 1137 560 et
1151 497 1221 560 hab.
1235 499 1306 580 pref.
1318 521 1361 562 no.

259 603 292 658 et
315 617 379 659 eor.
396 616 478 657 succ.
494 596 530 656 in
544 601 736 678 perpetuum
756 597 791 656 in
807 595 864 657 lib.
879 615 949 677 pur.
966 603 1000 656 et
1015 615 1107 677 perp.
1123 594 1165 656 el.
1180 596 1243 677 qui.
1260 595 1293 656 ab
1303 617 1362 656 omn.
1420 606 1424 611 '

258 715 340 756 serv.
356 713 441 755 cons.
457 713 560 754 exacc.
576 699 611 754 et
625 694 710 755 dem.
756 692 848 767 Quod
864 694 890 754 si
905 693 1002 754 abbas
1017 698 1053 754 et
1067 712 1159 754 conv.
1174 692 1302 775 predicti
1310 713 1364 775 pra·

258 792 359 853 fatam
375 812 481 853 acram
501 798 594 854 terrae
609 791 742 873 pacifice
765 792 924 873 possidere
938 810 1004 852 non
1019 796 1186 873 poterunt,
1201 811 1220 851 x
1234 811 1256 852 s.
1269 810 1329 872 quos
1339 791 1366 852 ab

257 889 303 950 eis
318 890 496 969 recepimus
511 889 589 970 ipsis
605 888 743 950 fideliter
757 889 975 951 restituemus.
1022 887 1119 949 Hanc
1133 893 1241 949 autem
1253 887 1366 948 donacio

257 1004 342 1061 nem,
359 985 593 1046 concessionem
608 991 642 1046 et
656 984 934 1047 confirmacionem
949 985 1039 1067 praes.
1058 984 1134 1047 abb.
1149 990 1183 1046 et
1204 1004 1264 1046 mo.
1281 992 1309 1045 et
1325 1004 1369 1046 eor.

258 1102 339 1143 succ.
356 1088 467 1144 contra
482 1102 593 1143 omnes
610 1102 681 1144 war.
727 1080 885 1143 Testibus.

139 1313 157 1345 x
325 1275 448 1349 Sciant,
463 1282 525 1337 etc.
553 1276 637 1358 quod
663 1296 723 1358 ego
739 1275 897 1338 Robertus
922 1275 967 1338 fil.
984 1274 1154 1339 Cristianae
1171 1274 1374 1357 Hasling‚dodi
1418 1284 1423 1299 '

78 1362 231 1478 Gr³¹¹ft0ffl
257 1392 345 1434 conc.
362 1378 396 1434 et
411 1374 443 1433 h.
462 1394 493 1453 p.
511 1393 538 1433 c.
554 1393 599 1434 m.
615 1373 697 1434 cons.
715 1372 782 1434 Deo
798 1379 832 1433 et
848 1372 885 1432 B.
901 1370 948 1432 M.
965 1371 1046 1433 Abb.
1064 1380 1098 1433 et-
1114 1393 1179 1434 mo.
1196 1372 1256 1433 No.
1271 1371 1375 1432 Modi-

78 1444 182 1560 ‘ffiag
192 1447 230 1546 0¹}
257 1469 391 1530 midiam
417 1490 524 1530 acram
540 1477 631 1531 terrae
648 1471 680 1530 in
697 1470 860 1531 territorio
875 1469 914 1530 de
924 1469 988 1530 Yd.
1005 1470 1040 1530 in
1053 1469 1182 1530 cultura
1193 1489 1262 1550 quaa
1275 1473 1377 1529 vocatur

79 1561 200 1620 seculare,
256 1565 446 1642 Homildon‚
462 1566 642 1648 specialiter
657 1567 852 1648 assignatam
869 1565 1075 1627 infirmitorio
1091 1565 1247 1643 saeculari,
1255 1565 1324 1626 adeo
1335 1563 1377 1625 liu

78 1627 198 1758 mil}
255 1663 321 1744 qui.
339 1664 434 1745 pacis.
451 1664 539 1725 sicud
556 1664 664 1745 aliqua
679 1670 764 1725 terra
779 1663 911 1724 liberius
925 1670 960 1724 et
975 1664 1119 1744 quiecius
1135 1667 1242 1744 potest
1263 1663 1325 1723 dari
1343 1659 1380 1721 vel

255 1760 419 1840 possideri.
466 1761 511 1821 Et
534 1781 594 1842 ego
621 1760 781 1821 Robcrtus
806 1760 903 1840 praed.
928 1759 1003 1821 don.
1027 1779 1116 1821 conc.
1143 1764 1178 1820 et
1193 1758 1276 1820 conl.
1293 1762 1381 1819 contra

255 1876 341 1917 omn.
358 1857 444 1918 hom.
461 1878 533 1919 war.
549 1858 583 1918 in
599 1864 799 1939 perpetuum.
845 1856 1004 1917 Testilius.

133 2058 172 2124 xj·
322 2050 489 2128 Omnibus,
506 2056 565 2113 etc.
583 2050 764 2112 Willelmus
779 2051 819 2111 de
835 2049 1045 2133 Peggesword
1061 2054 1193 2110 vocatus
1210 2053 1385 2130 procurator,

77 2127 200 2242 gamin&
254 2148 402 2208 salutem.
448 2148 529 2210 Nov.
545 2170 598 2209 me
614 2168 671 2229 pro
687 2147 743 2209 sal.
754 2167 806 2208 an.
820 2167 862 2209 m.
880 2147 952 2209 ded.
969 2167 1058 2208 conc.
1071 2151 1105 2208 et
1119 2145 1151 2206 h.
1169 2167 1201 2227 p.
1217 2167 1246 2206 c.
1261 2166 1304 2206 m.
1318 2142 1386 2205 conl.

78 2257 203 2320 Edington
254 2241 321 2305 Deo
338 2251 371 2305 et
387 2244 424 2305 B.
436 2245 484 2306 M.
497 2245 575 2306 Abb.
586 2252 619 2305 et
636 2264 698 2305 mo.
715 2243 776 2305 Nc.
787 2244 852 2305 Μο.
863 2245 896 2304 in
912 2243 968 2304 lib.
981 2263 1052 2324 pur.
1063 2246 1098 2304 et
1107 2262 1199 2324 perp.
1209 2241 1251 2304 el.
1264 2242 1299 2324 iij
1312 2241 1389 2303 rodas

77 2325 111 2438 {l
120 2325 227 2376 willae
253 2342 349 2420 prati,
366 2342 449 2423 quod
466 2349 595 2423 pratum
611 2348 743 2402 vocatur
759 2340 915 2417 Garbrad‚
928 2346 961 2401 et
977 2361 1009 2401 sc
1025 2339 1175 2400 extendit
1190 2358 1299 2401 versus
1312 2344 1390 2421 peta·

77 2406 185 2508 vuilligii?
254 2436 335 2496 riam
351 2444 385 2499 et
395 2439 484 2519 jacet
499 2440 586 2500 intra
598 2443 725 2519 pratum
739 2437 820 2499 Rob.
837 2436 928 2500 Calui
944 2458 983 2498 ex
998 2443 1089 2518 parte
1100 2435 1228 2510 boriali,
1238 2440 1273 2498 et
1283 2441 1388 2497 terram

252 2532 374 2593 cultam
390 2555 428 2594 ex
439 2543 531 2615 parte
543 2534 687 2608 australi,
698 2534 731 2594 in
750 2534 912 2594 territorio
930 2533 970 2594 de
982 2532 1162 2615 Ydington.
1188 2531 1275 2594 Hab.
1287 2538 1320 2594 et
1330 2538 1388 2592 ten.

251 2628 348 2689 dictis
362 2629 471 2690 abbati
487 2636 521 2693 et
536 2651 627 2693 conv.
643 2631 796 2692 demeat
819 2631 886 2692 her.
905 2650 948 2691 m.
961 2634 995 2691 et
1009 2631 1129 2710 assign.
1149 2629 1187 2689 in
1207 2635 1389 2710 perpetuum

249 2723 350 2786 libere
366 2727 431 2807 qui.
448 2724 529 2788 bene
545 2734 579 2788 et
594 2728 628 2787 in
643 2747 721 2808 pace
737 2731 770 2788 et
785 2726 889 2788 solute
911 2725 952 2787 ab
973 2745 1060 2787 omn.
1083 2745 1162 2785 serv.
1187 2745 1293 2786 exacc.
1316 2742 1392 2785 cons.

250 2825 284 2881 et
293 2821 378 2883 dem.
389 2842 459 2903 quae
472 2821 570 2905 (aab)
585 2823 625 2883 ab
641 2822 803 2904 aliquibus
815 2822 974 2904 quomodo
988 2821 1074 2902 exigi
1089 2827 1225 2902 possunt
1238 2821 1276 2882 in
1291 2840 1392 2902 perpe·

250 2922 344 2980 tuum
360 2920 450 2981 sicud
462 2918 572 3001 aliqua
587 2919 626 2980 el.
642 2919 757 2981 melius
772 2919 903 2980 liberius
919 2923 953 2980 et
967 2918 1110 2999 quiecius
1125 2917 1196 2979 dari
1218 2922 1327 3000 potest
1346 2913 1393 2978 vel

251 3016 364 3078 teneri.
410 3015 455 3077 Et
478 3035 539 3099 ego
561 3017 668 3079 dictus
690 3014 781 3078 Will.
803 3022 839 3078 et
860 3016 927 3077 her.
942 3036 986 3076 m.
1002 3019 1035 3076 et
1050 3014 1169 3096 assign.
1185 3014 1392 3095 praenomina-

248 3116 322 3175 tum
336 3117 468 3192 pratum
483 3132 558 3175 cum
569 3118 651 3195 pert.
664 3132 689 3175 s.
710 3118 821 3174 contra
841 3131 926 3174 omn.
948 3111 1034 3173 hom.
1049 3130 1123 3172 war.
1139 3111 1174 3171 in
1195 3116 1391 3192 perpetuum.

429 3420 484 3479 ms,
497 3404 561 3465 etc.
592 3400 682 3464 Will.
698 3399 744 3464 fil.
761 3400 856 3462 Alani
878 3401 918 3462 de
941 3399 1104 3482 Lakenby‚
1120 3399 1271 3462 salutem.
1315 3399 1392 3461 Nor.

437 3502 509 3580 atp.
524 3517 553 3559 c.
570 3517 613 3559 m.
629 3497 712 3559 conf.
728 3497 796 3559 Deo
811 3503 846 3558 et
860 3496 898 3558 B.
915 3497 961 3557 M.
978 3503 1012 3558 et
1027 3516 1090 3557 mc.
1105 3496 1167 3557 Nc.
1182 3496 1251 3558 Mo.
1262 3495 1277 3578 j
1291 3515 1393 3559 acram

449 3594 567 3657 nitorio
582 3594 623 3656 dc
640 3593 819 3676 Ydignton,
836 3613 931 3675 quam
947 3593 1065 3654 habent
1087 3613 1126 3654 ex
1148 3593 1232 3654 dono
1248 3592 1329 3655 Rob.
1351 3591 1392 3654 fil.

453 3710 484 3753 m
497 3690 639 3753 concessi
654 3695 688 3752 et
701 3710 735 3772 p.
747 3710 775 3752 c.
798 3689 882 3751 conf.
905 3689 1025 3751 eisdem
1048 3709 1110 3750 mo.
1133 3688 1170 3770 iij
1195 3688 1289 3750 rodas
1310 3685 1392 3771 prati

453 3804 479 3849 n·
492 3784 668 3862 (subrado,
683 3785 768 3868 quod
783 3785 903 3848 habent
923 3806 962 3847 ex
977 3785 1060 3846 dono
1083 3783 1171 3846 Will.
1194 3784 1235 3846 de
1258 3784 1392 3867 Peggcs-

449 3926 458 3947 .
472 3881 596 3993 atliab.
607 3883 687 3992 adeo
699 3883 756 3945 lib.
767 3882 857 3945 sicud
873 3888 969 3944 oartae
983 3882 1174 3944 donatorum
1189 3879 1318 3964 plenius
1332 3887 1392 3942 tes·

449 3998 459 4045 ι
471 3998 567 4064 cujus
581 3999 639 4042 rer.

453 4192 481 4255 Ι,
501 4176 566 4239 eu
608 4172 699 4235 Will.
725 4173 765 4235 de
789 4171 1011 4256 Peggesword,
1037 4172 1186 4233 salutem.
1232 4170 1315 4233 Nov.
1342 4190 1392 4231 me

453 4274 472 4337 t
492 4268 527 4334 h.
540 4290 574 4353 p.
590 4288 618 4335 c.
639 4269 722 4332 conf.
738 4269 808 4331 Deo
822 4275 856 4330 et
871 4269 910 4332 B.
927 4268 971 4330 M.
989 4267 1070 4329 Abb.
1086 4274 1121 4329 et·
1135 4266 1231 4331 Conv.
1248 4267 1311 4328 No.
1325 4266 1389 4328 Mo.

485 4391 500 4416 ·-
511 4364 549 4431 in
563 4364 621 4430 lib.
636 4384 709 4449 pur.
723 4371 758 4427 et
772 4385 861 4448 perp.
870 4363 911 4426 el.
922 4363 937 4446 j
955 4385 1018 4426 aer.
1034 4370 1128 4426 terrae
1140 4383 1214 4425 cum
1224 4365 1343 4445 pertin.
1359 4364 1391 4424 in

501 4460 801 4549 ¹wrigtonflidclicet
809 4461 1013 4526 illamacram
1020 4481 1090 4542 quae
1094 4460 1183 4542 jacet
1187 4460 1390 4543 juxtaTync·
