2940 5048
354 324 505 379 roarrorr
531 323 576 376 or
600 323 649 375 ss
673 322 827 376 auersus
852 324 954 377 noun.
1326 295 1398 370 273

71 494 251 559 haeredibus
266 492 331 559 suis
346 515 448 557 uuum
463 494 659 576 spervarium
683 513 790 555 sorum
804 491 855 555 vel
871 490 1041 555 duodecim
1056 489 1163 553 denar.
1179 486 1220 549 ad
1244 496 1268 544 Α
1279 509 1399 558 wm-

73 591 212 653 eundem
228 591 416 666 terminum,
431 593 466 651 et
487 589 632 651 faciendo
654 588 845 650 forinsecum
867 587 1039 649 servicium
1062 589 1220 667 quantum
1244 561 1354 612 hm&
1367 564 1399 608 ¹⁸·

73 687 216 768 pertinet
239 686 280 747 ad
300 705 399 748 unam
424 687 606 746 carucatam
633 690 726 746 terrae
748 684 783 746 in
807 682 885 745 villa
908 684 948 745 de
972 681 1130 764 Clyftcne.
1176 678 1382 772 1111111110-

73 780 145 844 volo
168 782 255 863 quod
280 780 465 863 capellanus
491 780 547 862 qui
576 779 701 841 ibidem
727 779 837 841 divina
875 752 1387 868 (11111111110111111111ξζξῖᾒξὶξἰε

73 876 159 939 horis
177 877 337 939 canonicis
357 877 496 954 intersit,
516 876 579 937 nisi
602 876 685 937 forte
710 875 903 956 aegritudine
926 874 978 937 vel
1000 871 1065 934 alia
1085 873 1220 934 honesta
1242 883 1360 961 cunda

73 993 168 1034 causa
192 973 290 1035 fuerit
316 972 504 1055 impeditus.
550 971 642 1033 Etsi
666 970 807 1032 fortassis
831 970 872 1033 ob
891 970 1033 1052 aliquam
1052 968 1218 1030 honestam
1241 951 1378 1066 {imm

74 1089 202 1131 causam
225 1068 266 1131 de
288 1067 426 1131 licencia
450 1088 522 1130 mea
546 1067 698 1144 abfuerit,
724 1066 775 1129 vel
805 1067 998 1150 aegritudine
1021 1066 1150 1128 diutina
1171 1064 1219 1127 ita
1243 1097 1308 1146 cury.

74 1163 261 1227 debilitatus
275 1165 361 1246 quod
376 1163 533 1227 celebrare
547 1183 612 1226 non
627 1163 739 1245 possit,
750 1163 851 1225 alium
861 1161 1064 1244 capellanum
1073 1161 1221 1223 inveniat

73 1260 237 1338 idoneum,
252 1258 292 1322 de
307 1259 441 1322 licencia
455 1260 536 1321 dicti
552 1258 778 1321 Archidiaconi
793 1258 850 1340 qui
871 1278 928 1341 pro
952 1263 1097 1339 tempore
1111 1257 1221 1332 fuerit,

73 1356 130 1437 qui
149 1355 280 1417 interim
299 1355 426 1417 dictum
448 1355 575 1438 expleat
601 1353 753 1417 officium.
799 1353 945 1436 Singulis
971 1357 1082 1415 autem
1107 1352 1221 1415 diebus

73 1451 163 1513 dicat
178 1449 334 1513 cfficium¹
350 1456 552 1514 mortuorum
567 1450 652 1533 quod
662 1449 783 1511 dicitur
794 1453 803 1484 ‘
816 1448 965 1527 Placebo,
980 1448 1107 1530 Dirige,
1122 1446 1219 1511 Com-

72 1545 260 1623 mendacio:
275 1548 359 1609 sicut
374 1567 432 1629 pro
447 1567 576 1630 corpore
591 1545 752 1629 praesenti.
796 1544 959 1607 Praeterea
981 1544 1057 1606 dedi
1072 1548 1105 1606 et
1121 1543 1221 1626 assig-

72 1644 150 1704 nari
164 1642 206 1705 ad
221 1643 346 1705 dictum
362 1643 532 1706 servicium
554 1641 810 1719 sustentandum,
826 1660 927 1702 unum
949 1639 1085 1702 calicem
1106 1658 1221 1721 argen-
1244 1655 1352 1713 chance,

72 1744 166 1800 teum
190 1739 385 1801 intrincecus
415 1739 617 1814 deauratum,
642 1737 683 1800 de
713 1736 819 1818 pretio
849 1735 954 1818 xxiijs.
980 1741 1013 1798 et
1043 1736 1107 1797 duc
1131 1735 1221 1817 paria
1243 1729 1388 1838 paermcnu.

72 1832 230 1896 bonorum
245 1836 521 1908 vestimentorum,
536 1837 569 1896 et
584 1833 726 1915 quinque
740 1831 856 1894 taullia
875 1831 1053 1907 benedicta,
1068 1833 1102 1892 et
1117 1849 1221 1893 unum
1283 1824 1290 1839 '

72 1928 194 1992 bonum
205 1931 333 1993 missale
348 1951 422 1993 cum
436 1929 574 2012 gradali,
583 1936 617 1993 et
627 1948 734 1990 unum·
743 1928 917 2011 pcrtehois‚
926 1933 958 1990 et
975 1927 1039 1990 duc
1053 1927 1229 2009 coperia*

72 2023 142 2088 Nec
157 2026 221 2088 ista
243 2031 431 2089 ornamenta
452 2026 573 2109 poterit
595 2023 779 2108 capellanus
801 2025 857 2106 qui
880 2044 937 2106 pro
959 2029 1104 2106 tempore
1119 2023 1220 2085 fuerit

72 2121 137 2183 sibi
166 2124 381 2206 appropriare,
416 2121 469 2186 vel
494 2121 559 2186 alio
587 2122 683 2184 modo
709 2120 858 2183 alienare.
904 2120 968 2183 Sed
998 2121 1026 2182 si
1054 2123 1218 2182 vetustate

72 2216 250 2296 deficerint,
266 2219 316 2282 vel
330 2219 395 2282 alio
410 2218 506 2281 modo
520 2218 689 2301 perierint,
700 2238 738 2280 ex
748 2217 884 2300 propriis
895 2215 987 2279 bonis
1001 2214 1218 2278 restaurabit.⁸

73 2311 265 2397 Capellanus
280 2334 353 2378 vero
367 2316 563 2397 quicumque
578 2314 657 2375 illuc
672 2313 784 2375 divina
798 2317 837 2375 ut
854 2312 1047 2394 praedictum
1068 2316 1118 2374 est
1139 2310 1219 2373 sele-

72 2407 222 2471 braturus
259 2411 437 2486 accesserit,
466 2410 611 2471 inveniet
648 2408 802 2471 clericum
837 2406 1001 2482 idoneum,
1040 2405 1216 2482 caudelam,
1240 2425 1381 2489 abactae

71 2506 209 2582 vinum,⁴
219 2505 367 2583 oblatas,l
378 2506 489 2569 domos
501 2505 563 2568 sibi
574 2505 751 2588 assignatas
760 2504 795 2566 in
810 2502 892 2566 bono
908 2506 995 2564 statu
1010 2501 1216 2565 sustentabit.
1240 2491 1292 2542 ¹⁸¹⁰
1308 2498 1335 2542 tc
1346 2491 1398 2543 find

73 2600 120 2662 Et
141 2601 182 2663 ad
204 2601 292 2664 istud
315 2621 394 2664 onus
408 2600 506 2663 officii
521 2600 658 2663 faciend.
673 2601 709 2662 in
730 2599 863 2663 ecclesia
884 2603 1014 2662 tenetur
1034 2597 1217 2680 capellanus
1240 2557 1335 2682 33,

73 2698 130 2777 qui
146 2716 204 2778 pro
219 2703 365 2780 tempore
379 2696 503 2775 fuerit,⁶
517 2699 552 2759 et
563 2695 651 2759 idem
662 2695 847 2778 capellanus
859 2691 970 2758 dabitl
982 2692 1216 2757 sa'cramentum
1240 2687 1310 2746 wine,
1323 2695 1368 2740 cto

75 2790 246 2854 fidelitatis
269 2793 387 2855 rectori
416 2791 558 2854 ecclcsiae
588 2791 629 2855 de
659 2791 876 2873 Staningtcnc
901 2791 957 2874 qui
991 2810 1049 2872 pro
1072 2795 1217 2872 tempore

73 2887 182 2964 fuerit,
197 2887 331 2964 scilicet,
355 2888 396 2950 de
410 2888 647 2970 indempnitate
669 2887 812 2971 ejusdem
836 2886 978 2948 ecclesiae
992 2885 1217 2948 conservanda.

73 2982 119 3045 Et
142 2983 176 3044 in
200 2983 297 3066 hujus
318 2985 364 3046 rei
387 2984 612 3047 testimonium
635 2983 711 3044 huic
733 2989 829 3044 cartae
847 2980 1218 3062 cirograffataesigillum

73 3098 184 3140 meum
199 3079 344 3163 apposui.
389 3079 465 3142 Hiis
483 3079 631 3155 testibus,
645 3078 787 3160 Hugone
807 3077 847 3139 de
861 3075 995 3152 Bolbek,
1011 3073 1218 3158 Eudtachio)

73 3173 114 3236 de
138 3173 171 3236 la
185 3175 276 3250 Vale,
296 3175 422 3257 Rogero
449 3175 597 3237 Bertram
621 3174 661 3236 de
685 3170 828 3247 Bethall,
848 3170 997 3234 Jchanne
1021 3170 1062 3233 de
1086 3170 1218 3247 Plesses,

73 3269 143 3331 Ade
164 3270 287 3348 Barret,
302 3271 450 3334 Jchanne
470 3270 538 3333 11110
559 3269 718 3352 Symonis,
738 3268 863 3330 Thema
884 3266 923 3328 de
946 3264 1038 3347 Ogle,
1053 3264 1219 3327 Willelmo

73 3365 114 3428 de
129 3366 276 3450 Horsley,
292 3366 429 3429 Ricardc
444 3366 484 3428 de
499 3364 653 3447 Saltwyk,
668 3363 832 3425 Willelmo
847 3362 914 3426 filio
929 3360 1103 3442 Radulphi,
1114 3360 1220 3422 Adam

72 3462 113 3525 de
128 3461 260 3540 Plesses,
275 3463 430 3526 Nicbolao
453 3462 493 3524 de
513 3461 681 3543 Bekring,⁸
696 3457 855 3522 walter-0⁹
865 3459 905 3520 de
916 3458 1056 3531 Witton,
1081 3461 1114 3517 et
1136 3456 1219 3519 aliis.

73 3557 302 3621 Istacrtaesr
312 3557 517 3640 circgraffata
526 3559 561 3618 in
570 3555 740 3639 quatuor¹⁰
750 3561 866 3639 partes,
876 3574 973 3617 unam
984 3559 1109 3636 partem
1118 3554 1218 3615 habeo

128 3680 137 3712 ¹
156 3679 278 3735 Durham
290 3681 365 3736 reads
377 3681 552 3735 ‘servicium'

126 3767 137 3795 ²
154 3758 220 3812 This
231 3758 254 3812 is
265 3777 282 3814 a
292 3759 464 3831 notawortby
473 3759 518 3814 list
528 3758 559 3813 01
568 3758 614 3812 the
624 3756 817 3812 furnitureand
827 3753 1029 3811 service-boelis
1037 3753 1068 3810 01
1077 3771 1094 3808 1
1105 3753 1218 3825 ebant-y

73 3834 144 3888 altar
156 3837 209 3890 and
221 3836 257 3891 its
268 3837 358 3909 priest.

127 3913 138 3946 ⁸
156 3915 190 3968 D.
205 3916 281 3970 reads
293 3918 301 3948 ‘
311 3916 417 3988 aliquo!

128 3992 188 4046 ⁴1).
200 3994 319 4049 inscrtc‘
326 3995 371 4050 et!

126 4077 137 4106 ⁸
153 4070 187 4124 D.
200 4071 297 4127 inserta
309 4072 369 4127 ‘et'
610 4129 613 4137 ,

125 4153 135 4183 ·
153 4148 187 4203 D.
200 4149 296 4206 inserta
308 4154 315 4182 ‘
326 4151 360 4206 ad
372 4151 528 4206 mandatum
541 4148 734 4205 Archidiacoui
746 4148 793 4219 qui
804 4164 854 4219 pro
867 4153 985 4218 tempore
996 4145 1093 4202 fuerit!

125 4227 135 4254 '
152 4225 186 4282 D.
199 4229 275 4284 reads
287 4228 458 4301 ‘prestabit'

124 4304 134 4332 ¹
152 4304 186 4361 D.
199 4308 277 4362 reads
289 4308 440 4378 ‘Berking’

126 4384 136 4411 ⁹
153 4384 186 4438 D.
200 4385 295 4440 inserts
307 4389 314 4417 ‘
324 4385 380 4440 tilio
394 4386 529 4440 Waltcri.⁹

117 4461 379 4521 ι’1111111111εεῖ
