2954 5040
436 346 484 400 DE
508 345 603 399 novo
628 343 862 398 nonasnnmo.

63 535 128 598 ego
149 513 184 580 J.
203 523 238 578 et
261 514 328 579 ber.
351 534 395 578 m.
415 534 485 576 war.
510 513 607 595 praed.
631 533 716 575 mon.
740 519 844 576 totam
868 517 964 596 praed.
981 522 1099 578 terrum
1114 520 1224 576 eontra

64 634 154 675 omn.
173 615 259 675 bom.
275 613 310 674 in
325 617 530 694 perpetuum.
576 610 668 685 Quod
683 613 710 672 si
725 613 929 674 warantiznre
952 634 1016 675 non
1040 613 1224 694 poterimus,

66 710 224 771 faciemus
238 711 285 772 eis
298 707 495 771 escambium
512 707 553 769 de
567 712 660 769 tanta
678 713 762 768 terra
777 708 818 770 ad
834 708 1010 771 valenciam
1026 711 1061 770 in
1077 708 1224 770 omnibus

64 808 104 870 in
118 808 232 869 eodem
249 826 363 888 campo
378 806 418 868 de
434 804 582 867 Kestem.
626 804 783 879 Tristibus,
800 811 863 868 etc.

137 999 261 1076 Sciant,
283 1004 347 1060 ete.
371 999 456 1080 quod
480 1017 540 1080 ego
564 996 727 1059 Jobannes
752 997 836 1058 filius
861 998 995 1060 Patricii
1020 1000 1060 1061 de
1085 998 1222 1060 Kestern
1299 1008 1348 1075 vij·

68 1096 143 1159 ded.
159 1100 195 1158 et
216 1115 304 1157 cono.
320 1101 354 1157 et
370 1095 400 1156 h.
416 1114 448 1176 p.
464 1114 492 1155 e.
509 1113 553 1155 m.
568 1093 651 1154 conf.
668 1092 736 1154 Deo
752 1100 786 1154 et
802 1094 840 1155 B.
856 1094 905 1156 M.
922 1101 954 1156 et
974 1115 1059 1157 mon.
1076 1097 1115 1158 de
1130 1095 1222 1156 Novo
1248 1076 1359 1190 thzf

68 1191 161 1255 Mon.
178 1191 300 1253 ibidem
310 1186 383 1252 Deo
398 1189 618 1263 servientibus,
633 1209 691 1270 pro
706 1189 763 1251 sal.
779 1210 831 1251 an.
844 1211 885 1252 m.
904 1197 939 1252 et
952 1192 1018 1254 her.
1030 1212 1072 1252 m.
1085 1192 1098 1274 j
1116 1211 1224 1252 acram
1248 1149 1379 1266 lllbtamls,

69 1296 165 1352 terrae
176 1291 211 1350 in
220 1289 456 1349 incrementum
466 1292 558 1347 terrae
570 1288 605 1346 et
615 1286 718 1347 tocius
734 1285 893 1347 libertatis
905 1287 944 1349 de
955 1287 1099 1365 Vuerhil,
1108 1286 1223 1364 silicet,
1249 1276 1400 1324 ofonoaere.

69 1388 105 1448 in
119 1383 298 1467 aquilonali
313 1388 411 1465 parte.
421 1382 588 1444 domorum
603 1382 642 1444 de
652 1381 815 1458 Vuercbil,
825 1384 1034 1464 incipientem
1053 1384 1093 1444 ab
1108 1384 1169 1444 Est
1180 1384 1221 1445 de

70 1480 238 1557 Vuarcbil‚
252 1486 287 1542 et
300 1480 470 1542 sic-versus
485 1477 515 1539 le
531 1477 635 1539 North
655 1479 696 1541 ad
716 1480 803 1540 viam
821 1500 892 1560 quae
914 1480 1004 1541 ducit
1023 1481 1062 1542 de
1078 1479 1223 1541 Alnewik

70 1599 180 1640 versus
195 1577 366 1652 Thirnum,
381 1580 415 1636 et
430 1573 460 1655 vj
478 1575 574 1655 pedes
596 1579 687 1636 terrae
709 1580 825 1656 praeter
850 1574 941 1637 illam
963 1597 1069 1637 acram
1092 1577 1125 1637 in
1149 1576 1225 1637 lati-

69 1674 219 1736 tudinem
241 1673 283 1735 ad
304 1671 542 1754 longitudinem
565 1670 727 1751 praedictae
751 1692 832 1734 aerae
854 1673 895 1734 ad
917 1673 1100 1736 faciendum
1123 1692 1223 1734 unum

70 1771 226 1833 fossatum
249 1769 276 1831 si
297 1767 467 1842 voluerint,
491 1767 649 1846 usquead
669 1768 857 1848 praedictam
873 1770 958 1830 viam
974 1791 1045 1850 quae
1065 1771 1155 1831 ducit
1181 1768 1222 1829 ad

70 1868 241 1929 Tbirnum.
268 1865 389 1927 Tenet
398 1863 470 1924 hab
484 1863 523 1924 de
533 1882 585 1924 me
594 1869 627 1924 et
636 1864 752 1925 herm.
764 1863 821 1926 lib.
832 1869 866 1926 et
878 1867 941 1945 qui.
952 1865 993 1926 ab
1001 1867 1088 1927 omui
1099 1872 1224 1926 terreno

71 1983 153 2026 serv.
168 1963 203 2023 in
218 1982 288 2044 pur.
305 1966 340 2022 et
362 1979 450 2041 perp.
467 1958 508 2021 el.
524 1978 599 2020 cum
622 1981 707 2022 omn.
724 1965 806 2042 pert.
823 1967 856 2022 et
879 1961 984 2024 libert.
1001 1963 1160 2024 etesium.
1182 1961 1223 2022 ad

72 2068 194 2123 terrum
208 2059 248 2121 de
264 2055 429 2119 Vuercbill
443 2055 688 2137 pertinentibus.
734 2057 808 2118 Hiis
824 2058 970 2136 testibus,
986 2064 1047 2119 ete.

141 2249 265 2326 Sciant,
285 2253 348 2310 ete.
369 2248 454 2330 quod
480 2266 540 2330 ego
563 2245 724 2309 Jobannes
751 2247 835 2309 filius
861 2247 994 2310 Patricii
1010 2249 1050 2311 de
1074 2249 1224 2327 Kestern‚
1291 2258 1349 2326 viij·

72 2366 228 2410 consensu
252 2352 286 2407 et
301 2343 467 2406 voluntate
491 2343 615 2405 heredis
629 2345 704 2419 mei,
723 2344 796 2406 ded.
820 2364 907 2407 conc.
931 2351 966 2407 et
988 2365 1020 2427 p.
1037 2367 1064 2407 e.
1081 2367 1124 2407 m.
1141 2346 1223 2408 conf.
1249 2326 1404 2442 {lofflsslsg’gof

74 2441 307 2506 Deseruit
323 2446 357 2502 et
371 2460 457 2501 mon.
468 2438 563 2523 (tao)
578 2439 618 2501 de
638 2437 728 2501 Novo
741 2439 831 2503 Mon.
847 2461 903 2522 pro
919 2441 976 2504 sal.
993 2463 1045 2504 an.
1061 2463 1104 2505 m.
1121 2449 1155 2505 et
1169 2464 1222 2505 ux.
1249 2458 1360 2516 Passer,
1374 2459 1404 2509 of

72 2561 118 2602 m.
130 2545 165 2601 et
180 2558 237 2620 pro
251 2537 418 2599 animabus
433 2536 533 2617 patris
548 2555 591 2596 m.
604 2541 732 2597 etomn.
742 2541 846 2598 antec.
860 2539 967 2603 ether.
983 2560 1025 2601 m.
1039 2540 1071 2600 in
1085 2540 1140 2601 lib.
1154 2561 1222 2650 pur.
1248 2523 1374 2642 lddiltirln.

74 2626 218 2717 et'perp.
234 2634 274 2695 el.
290 2654 365 2695 oum
389 2652 516 2715 corpore
540 2651 612 2693 meo
635 2632 796 2714 quandam
821 2638 945 2713 partem
968 2640 1062 2697 terrae
1087 2656 1166 2698 meae
1190 2656 1222 2698 1n

74 2751 190 2813 campo
205 2732 245 2793 de
260 2730 398 2791 Kestern
420 2749 495 2790 cum
517 2729 724 2810 pertinenciis
747 2729 820 2806 suis,
837 2729 920 2790 infra
940 2731 997 2792 lias
1018 2732 1134 2794 divisas
1149 2752 1224 2793 eon·

74 2834 243 2903 tentam‚n
259 2831 352 2908 porta
366 2825 489 2887 scilieet
503 2825 646 2906 grangiae
661 2824 701 2885 de
710 2823 847 2886 Weribil
863 2845 920 2906 per
934 2826 1106 2889 Stokwelle
1118 2848 1224 2890 versus

73 2928 221 2985 austrum
235 2923 391 3005 usquead
406 2942 532 2983 crucem
552 2922 649 2982 sitam
666 2921 761 3002 juxta
784 2921 945 2984 culturam
960 2944 1031 3006 quae
1047 2925 1109 2985 fuit
1125 2944 1224 3006 quon·
1248 2945 1384 3008 Boundary

75 3021 152 3082 dnm
167 3019 339 3081 Alexandri
355 3019 395 3081 de
405 3017 614 3092 Brankeston‚
624 3023 656 3078 et
666 3018 741 3079 inde
751 3039 855 3079 versus
870 3017 900 3080 le
916 3020 1225 3102 Westpe1·praedic·
1249 3028 1351 3062 orosam

75 3123 145 3178 tam
156 3114 318 3177 culturam
328 3113 477 3196 usquead
488 3114 721 3176 alinmorucem
733 3115 870 3195 positam
882 3116 914 3175 in
925 3115 1115 3177 occidentali
1125 3115 1224 3177 latere

74 3213 220 3295 ejusdem
242 3211 386 3289 culturae,
408 3216 442 3272 et
466 3232 505 3272 ex
528 3210 585 3271 illa
609 3230 702 3271 cruce
726 3210 945 3272 descendendo
961 3232 1065 3272 versus
1080 3217 1224 3271 austrum

74 3328 132 3392 per
149 3312 363 3369 transversum
385 3305 476 3368 collis
498 3327 597 3388 usque
612 3307 654 3368 ad
669 3326 796 3368 erucem
819 3306 956 3386 positam
980 3305 1091 3366 subtus
1114 3307 1224 3367 eodem

31 3415 35 3421 “
74 3403 167 3479 colle,
182 3410 217 3464 et
232 3403 308 3465 inde
324 3423 430 3464 versus
454 3403 653 3464 occidentem
672 3401 766 3484 juxta
790 3409 907 3463 terram
931 3400 1054 3462 cultam
1069 3402 1224 3482 usquead

75 3501 258 3583 proximum
281 3497 420 3561 rivulum
435 3498 475 3560 de
490 3496 709 3572 Seuenwelles‚
734 3504 767 3560 et
789 3499 833 3558 sie
850 3518 906 3578 per
920 3498 1057 3559 eundem
1081 3497 1221 3558 rivulum
1249 3524 1327 3572 sos-en

75 3595 188 3659 subtus
203 3593 412 3658 Seuenwelles
427 3614 526 3675 usque
549 3593 591 3655 ad
611 3612 736 3654 erucem
760 3593 897 3674 positam
912 3612 951 3653 ex
972 3593 1119 3655 orientali
1134 3600 1226 3675 parte
1250 3588 1337 3637 wells.

76 3712 160 3754 aorae
174 3691 227 3753 del
242 3689 319 3766 But,
334 3697 368 3752 et
382 3690 423 3752 ab
438 3688 494 3751 illa
509 3710 601 3750 cruce
621 3691 810 3751 circueundo
832 3710 888 3771 per
902 3691 1037 3752 eandem
1052 3710 1157 3751 aeram
1173 3690 1224 3751 del

76 3788 146 3850 But
160 3788 260 3850 donec
275 3787 393 3849 iterum
417 3787 563 3848 seruatur
585 3786 801 3847 descendendo
824 3806 881 3866 per
903 3785 1043 3846 rivulum
1058 3787 1098 3848 de
1114 3785 1226 3847 Blind-

78 3883 198 3946 wellin
215 3883 405 3964 praedictum
428 3881 567 3943 rivulum
582 3883 638 3963 qni
653 3883 752 3942 currit
775 3882 885 3942 subtus
907 3902 1015 3942 aeram
1031 3882 1083 3943 del
1100 3882 1177 3959 But,
1193 3889 1226 3943 et

79 3983 124 4045 sic
139 4001 159 4042 a
174 4000 266 4042 oruee
288 3980 393 4062 posita
416 3980 500 4040 inter
522 3978 638 4040 divisas
653 3979 694 4039 de
709 3977 878 4060 Hepphale
893 3982 928 4039 et
943 3979 1101 4040 culturom
1124 3980 1233 4040 moni--

78 4078 180 4142 alium
196 4075 248 4138 del
264 4075 433 4137 Halistane
454 4074 651 4136 ascendendo
666 4094 722 4155 per
737 4074 871 4136 eandem
894 4073 1056 4136 culturam
1076 4095 1181 4137 versus
1197 4074 1227 4136 le

78 4174 184 4237 North
207 4192 306 4254 usque
329 4172 371 4233 ad
395 4177 513 4233 terram
538 4170 660 4232 cultum
684 4171 842 4232 dictorum
867 4171 1104 4246 monachorum,
1129 4192 1226 4253 quam

78 4270 198 4334 babent
222 4289 261 4330 ex
283 4269 366 4331 dono
388 4268 489 4350 patris
512 4267 576 4328 mei
599 4266 744 4343 Patricii,
760 4272 794 4329 et
816 4268 861 4328 sic
885 4288 942 4349 per
965 4266 1086 4330 sultam
1108 4274 1227 4330 terram

78 4367 252 4431 eorundem
276 4366 503 4428 monachorum
528 4384 626 4446 usque
650 4364 683 4424 in
704 4363 838 4425 uiridem
855 4364 952 4439 viam,
968 4368 1002 4426 et
1017 4384 1074 4446 per
1089 4364 1225 4426 viridem
1250 4377 1402 4429 Greenlano.

80 4467 168 4529 viam
189 4464 344 4546 usquead
360 4466 485 4547 portam
509 4460 667 4543 praedictae
690 4461 842 4542 grangiae.
888 4460 965 4522 Ten.
983 4464 1016 4522 et
1030 4461 1104 4524 hab.
1121 4462 1160 4523 de
1175 4481 1227 4523 me
