2940 5048
822 272 1096 329 (mmm

391 440 1387 529 dominipermelpermpmdidmdomunculm'
1450 474 1470 515 ,Α

392 537 1352 624 ᾳυοαηυεμώωοωώὶιὼμήηᾱὰηῦήωοῐίιιῒ,
1395 538 1462 603 In*

393 639 441 700 rei
455 638 692 700 testimonium.

267 843 326 891 xix·
461 826 1452 912 Omnbueeteuobertmuenhvdenorpewu

255 922 360 1022 m'nin
396 925 515 989 Sciatis
536 945 589 988 me
611 923 684 987 ded.
698 943 788 986 eone.
802 930 836 986 et
858 944 891 1006 p.
908 944 937 985 c.
951 924 1037 987 oouf.
1050 923 1120 987 Deo
1140 930 1175 987 et
1196 924 1237 987 Β.
1250 924 1302 987 Μ.
1315 930 1354 989 et
1374 946 1440 990 mo.
1465 957 1470 981 ι

246 1058 262 1089 0
287 1028 292 1035 '
395 1021 487 1084 Mon.
502 1039 648 1082 annuum
669 1019 833 1082 redditum
853 1019 904 1101 iiij
921 1039 947 1081 n.
961 1019 1205 1103 percipiendum
1223 1020 1266 1083 de
1287 1021 1375 1083 tosto
1388 1024 1425 1084 et
1446 1049 1460 1075 u

396 1117 483 1200 qnod
509 1115 669 1178 Robertun
689 1114 866 1199 Puddiugu
890 1120 992 1191 tenet,
1005 1114 1030 1197 ij
1055 1135 1080 1177 e.
1101 1114 1145 1177 ud
1165 1115 1286 1177 festum
1307 1114 1344 1181 S.
1367 1114 1470 1181 cinth

396 1214 444 1275 11·
455 1220 489 1274 et
505 1211 528 1292 ij
543 1210 621 1273 ead
637 1210 867 1292 reuejusdem
881 1210 1120 1293 inSeptembri.
1156 1210 1318 1274 Praetereo
1328 1212 1409 1275 dedi
1425 1212 1465 1265 2⁸:

395 1316 430 1370 et
445 1318 578 1368 euocet
593 1327 626 1388 p.
637 1327 666 1367 c.
677 1306 762 1369 cous.
777 1307 812 1368 in
827 1312 1019 1388 perpetuum
1032 1312 1099 1369 trec
1112 1327 1137 1369 e.
1151 1308 1250 1369 unniri
1264 1306 1424 1383 redditus,
1449 1336 1470 1361 κ

218 1430 254 1475 .,·,
303 1440 329 1472 ψ
397 1402 507 1486 piend.
522 1403 691 1463 annuatim
706 1401 747 1464 de
761 1402 902 1483 quadum
915 1408 1002 1463 terra
1020 1402 1118 1484 juxto
1140 1402 1264 1465 iontem
1279 1402 1396 1467 Sancti
1409 1404 1470 1467 Th·

271 1492 322 1541 '¹'
396 1517 496 1579 quarn
510 1497 692 1560 Germanus
711 1496 742 1559 le
761 1496 878 1559 llecher
899 1504 990 1559 tenet
1003 1499 1039 1559 in
1053 1497 1165 1559 eudem
1179 1497 1268 1560 ullo.
1321 1498 1410 1562 Hub.
1424 1504 1460 1563 et

397 1593 495 1677 praed.
512 1613 575 1655 mo.
591 1595 627 1654 in
641 1614 713 1675 pur.
733 1600 767 1655 et
782 1613 872 1676 perp.
886 1593 928 1655 el.
942 1594 1041 1676 praed.
1056 1594 1145 1657 redd.
1162 1594 1205 1677 vij
1222 1615 1248 1657 u.
1264 1594 1357 1658 sicud
1371 1596 1455 1679 aliq·

397 1689 513 1753 melius
528 1696 563 1752 et
577 1689 708 1752 liberius
722 1690 793 1751 dari
807 1696 914 1772 potest
929 1688 981 1753 rel
995 1690 1110 1753 teneri.
1153 1690 1195 1752 In
1208 1690 1311 1774 cujus.

465 1883 633 1948 Omnibus.
664 1882 874 1946 Robertusde
888 1883 921 1945 ln
935 1882 1011 1945 an
1024 1883 1066 1946 de
1079 1882 1245 1966 Morputh,
1259 1884 1318 1948 nl.
1354 1884 1470 1949 Sinai:

216 2040 230 2073 c
256 1974 271 2006 ¹¹
294 2041 321 2074 e·
332 2024 358 2074 in
399 1979 472 2043 ded.
487 2001 576 2044 conc.
591 1988 626 2043 et
647 2000 678 2063 p.
694 2001 723 2041 c.
738 1979 821 2041 conf.
838 1979 907 2041 Deo
923 1986 958 2042 et
975 1978 1014 2041 B.
1030 1979 1078 2041 n.
1093 1984 1128 2042 et
1141 1999 1204 2042 mo.
1220 1979 1306 2043 Novi
1320 1980 1414 2044 Mon.
1428 1983 1466 2045 in

398 2097 470 2160 pur.
492 2082 528 2139 et
549 2097 638 2160 perp.
653 2076 695 2138 el.
716 2095 860 2138 annuum
882 2075 1048 2138 redditum
1069 2077 1105 2137 ix
1126 2096 1150 2138 e.
1172 2095 1241 2159 urg.
1262 2077 1463 2159 percipien·

397 2175 578 2251 annuatim,
592 2172 726 2247 scilicet,
740 2178 878 2253 quatuor
899 2191 924 2233 e.
940 2171 980 2234 de
1001 2169 1138 2234 dimidio
1158 2172 1253 2247 tol’oo,
1273 2171 1363 2254 quod
1384 2172 1449 2235 ι
1463 2202 1470 2227 ι

399 2268 573 2351 Puddiugu
587 2275 677 2331 tenet
692 2269 727 2329 in
742 2266 896 2350 praedicta
911 2266 989 2328 villa
1011 2266 1052 2329 de
1074 2267 1239 2348 Morputh‚
1253 2267 1339 2348 quod
1348 2267 1442 2349 jucet
1457 2269 1466 2283 '

397 2363 530 2425 domum
544 2364 681 2426 ll'alteri
696 2363 850 2445 quuriarii
872 2368 905 2424 et
921 2362 1054 2424 domum
1070 2362 1208 2425 Machaei
1229 2362 1404 2445 pelliparii,
1424 2394 1433 2417 υ
1454 2365 1462 2379 ’

396 2458 475 2521 duos
487 2479 511 2520 s.
523 2459 565 2519 ad
580 2460 653 2520 fest.
665 2459 698 2522 S.
709 2457 826 2523 Cuthb.
843 2459 878 2519 in
893 2458 942 2519 xl·
953 2464 987 2520 et
997 2458 1077 2520 duos
1092 2480 1116 2521 s.
1127 2458 1169 2520 ud
1183 2458 1257 2522 fest.
1272 2458 1418 2540 ejusdem
1434 2467 1463 2514 ἑή

396 2555 432 2615 in
458 2553 663 2636 Septembri3
686 2560 841 2637 praetereu
862 2553 942 2615 duos
969 2575 993 2616 e.
1016 2554 1240 2636 percipiendos
1262 2554 1302 2617 de
1324 2554 1423 2619 domo
1442 2576 1466 2639 q

395 2648 552 2710 Riourdue
567 2651 783 2723 cirotecarins,
792 2670 832 2712 ex
846 2649 1024 2732 aquilonali
1040 2654 1132 2732 purte
1146 2650 1260 2713 domus
1274 2671 1366 2729 mere,
1380 2656 1470 2715 tene

395 2745 493 2827 praed.
509 2746 684 2820 termiuoe3
707 2751 741 2808 et
756 2750 822 2807 tres
844 2766 869 2808 s.
884 2745 1107 2827 percipiendos
1123 2745 1165 2808 de
1186 2746 1326 2828 quedam
1339 2752 1429 2810 lem
1444 2748 1461 2832 j

396 2840 519 2901 sontem
533 2839 644 2902 Sancti
656 2841 788 2902 Thomae
802 2860 901 2921 quam
914 2840 1093 2903 Germanus
1104 2839 1136 2901 le
1147 2838 1263 2903 flecher
1276 2845 1369 2905 tenet
1382 2842 1418 2906 in
1437 2873 1458 2899 ω

396 2935 493 3009 villu3
508 2936 632 2997 scilicet
642 2933 720 3017 xviij
733 2935 764 2996 d.
775 2936 815 2997 ad
828 2935 1039 2999 Pentecosten
1050 2940 1085 2998 et
1095 2935 1171 3017 xviij
1183 2936 1215 2999 d.
1224 2936 1266 2998 ud
1276 2936 1350 3000 rest.
1360 2937 1395 3002 S.
1405 2939 1470 3002 An·

396 3033 429 3092 in
441 3032 567 3113 hyeme.
604 3031 689 3093 Hab.
705 3036 814 3093 etten.
824 3030 922 3113 praed.
935 3031 1024 3093 redd.
1036 3033 1104 3093 ixe.
1115 3032 1212 3114 praed.
1223 3052 1286 3095 mo.
1301 3033 1447 3117 inperpe

397 3130 477 3190 adeo
501 3128 601 3190 libere
621 3133 656 3190 et
676 3129 786 3209 quiete
810 3126 900 3188 sicud
924 3127 1034 3210 aliquo
1060 3127 1101 3190 el.
1116 3126 1236 3190 melius
1257 3134 1292 3192 et
1314 3128 1450 3194 liberius

398 3228 505 3306 potest
525 3222 575 3285 vel
598 3224 712 3285 teneri.
758 3222 850 3283 Etsi
872 3221 991 3305 aliquis
1015 3222 1112 3305 praed.
1128 3223 1297 3286 hominum
1320 3224 1356 3286 in
1379 3226 1452 3289 solu

399 3319 480 3380 dicti
504 3319 593 3381 redd.
613 3318 654 3380 od
678 3318 777 3400 praed.
800 3318 956 3379 terminos
979 3318 1158 3380 defecerint
1181 3316 1261 3401 (cio)
1283 3319 1335 3382 vel
1359 3322 1418 3403 qui
1467 3351 1470 3376 l

399 3415 496 3496 praed.
507 3421 608 3476 terras
620 3433 677 3493 pro
689 3419 834 3492 tempore
850 3415 1027 3490 tenuerint,
1038 3413 1152 3475 licebit
1166 3414 1263 3495 pred.
1273 3434 1338 3477 mo.
1347 3415 1399 3478 die
1454 3446 1459 3471 ι

399 3508 495 3591 (5322)
521 3508 618 3591 praed.
644 3513 746 3570 terras
772 3506 823 3567 vel
854 3507 1001 3570 homines
1030 3509 1201 3590 predictos
1231 3530 1396 3594 quousque
1424 3512 1467 3575 ei

399 3606 496 3686 praed.
513 3603 601 3665 redd.
617 3602 717 3664 fuerit
734 3601 945 3664 satisfactum.
990 3604 1031 3666 Iu
1046 3603 1138 3686 cujus
1152 3606 1201 3667 rei
1216 3607 1441 3671 testimonium

399 3706 480 3762 cent.
497 3704 558 3762 eto.

469 3890 637 3967 Omnibus,
652 3894 714 3953 etc.
745 3890 1098 3968 RobertusdeleLow,
1113 3892 1263 3955 salutem.
1306 3893 1457 3957 Nemo

224 3975 308 4026 orant
319 3979 371 4026 osa
403 4008 490 4049 eone.
507 3993 540 4049 et
558 4008 590 4069 p.
606 4007 633 4047 c.
649 4006 693 4048 m.
709 3986 792 4048 coni.
809 4006 866 4068 pro
889 3986 944 4048 eal.
960 4006 1013 4048 an.
1028 4008 1073 4051 m.
1089 3988 1158 4050 Deo
1174 3993 1208 4051 et
1224 3989 1262 4052 B.
1278 3988 1325 4051 M.
1340 3989 1414 4053 ubb.
1430 3996 1466 4054 et

226 4043 274 4088 lost.
286 4043 334 4089 unul

228 4106 351 4164 imppp„
404 4084 487 4145 Novi
503 4083 592 4144 Mon.
609 4085 644 4144 in
663 4083 720 4144 lib.
736 4103 806 4164 pur.
822 4087 856 4144 et
876 4103 965 4165 perp.
980 4083 1021 4146 el.
1037 4103 1140 4145 unum
1154 4084 1274 4147 tostum
1299 4105 1377 4149 oum
1399 4086 1462 4150 edi

228 4170 260 4231 lry
276 4173 335 4223 llob.

225 4236 256 4285 do
269 4238 293 4285 lu
307 4239 371 4287 Low.

404 4182 438 4240 in
454 4181 532 4242 villa
547 4181 586 4242 de
603 4180 764 4261 llorpnth,
777 4180 862 4260 quod
878 4180 1036 4243 Robertus
1053 4181 1227 4264 Puddingn
1242 4187 1344 4259 tenet,
1358 4182 1446 4265 quod

403 4282 488 4336 mter
504 4276 634 4337 domum
651 4276 785 4337 walteri
802 4276 959 4350 Quariour
973 4297 1012 4338 ex
1027 4297 1091 4339 ima
1106 4282 1197 4358 parte
1211 4282 1246 4341 et
1260 4278 1393 4341 domum
1408 4279 1467 4343 Mu

401 4369 508 4432 l'clter
518 4391 555 4431 ex
565 4371 675 4433 altera.
714 4371 798 4433 lleb.
809 4378 842 4434 et
852 4375 919 4434 ten.
936 4372 1014 4434 eisd.
1025 4372 1098 4434 abb.
1114 4379 1148 4434 et
1159 4393 1223 4436 mo.
1233 4374 1268 4436 in
1279 4379 1415 4458 perpetu
1446 4405 1464 4431 a·
