2940 5048
732 328 1005 381 cumuhnmt'li

296 496 488 562 Monosterii
502 502 538 562 et
557 496 735 561 Robertum
757 496 863 560 filium
885 496 1003 580 Rogeri
1027 497 1200 561 dominum
1222 496 1267 561 de
1290 496 1436 583 RctbbirJ

296 595 337 657 de
350 595 545 659 Hesilherst.

121 790 243 839 ‹rr-ansol
362 784 438 871 (5b)
460 785 630 862 Omnibus,
660 790 735 863 etc,
760 784 924 849 Johannes
955 785 996 848 de
1025 784 1211 868 Cluvering‚
1241 786 1438 849 salutemin

119 856 228 975 ζ’,ξξῖᾏζῐ
295 882 447 946 Domino.
471 882 637 945 Noveritis
646 903 698 945 me
710 902 767 965 pro
777 880 881 944 salute
889 880 1007 943 animae
1018 901 1111 959 meae,
1121 886 1284 945 anter-ess.
1294 888 1331 945 et
1341 882 1437 945 hored.

119 990 186 1104 &un
198 989 228 1064 oo
295 999 451 1056 meorum,
461 999 550 1041 conc.
560 983 594 1040 et
603 978 754 1060 praesenti
771 978 891 1057 scripto
906 998 978 1040 meo
990 977 1074 1039 conf.
1085 977 1210 1040 Abbati
1219 982 1257 1041 et
1267 976 1437 1043 conventui

133 1058 139 1078 ¹
150 1070 259 1119 rwcnng.

295 1076 325 1137 N
327 1077 379 1137 ovi
392 1075 485 1139 Mon.
495 1079 530 1137 et
539 1095 650 1137 eorum
659 1074 889 1137 successorihus
899 1074 1039 1136 liberum
1050 1074 1235 1135 chiminum
1247 1076 1287 1137 in
1298 1074 1438 1139 omnibus

295 1173 391 1233 terris
407 1173 487 1233 meis
501 1176 536 1234 et
551 1191 608 1253 per
623 1190 733 1233 omnes
749 1176 851 1232 terras
866 1191 953 1233 meas
968 1171 1004 1232 in
1016 1171 1176 1233 comitatu
1187 1170 1221 1231 N
1222 1170 1438 1249 orthumbrin,

296 1273 387 1329 extra
409 1267 543 1329 bladum
569 1273 604 1329 et
618 1272 760 1350 pratum,
776 1266 849 1341 sibi,
868 1266 1052 1328 hominibus
1073 1269 1108 1328 et
1130 1266 1354 1329 servientibus
1373 1268 1438 1343 suis,

296 1366 388 1445 equis
411 1369 445 1425 et
469 1363 617 1425 omnibus
643 1368 677 1425 et
702 1363 898 1425 omnimodis
927 1363 1047 1424 averiis¹
1075 1362 1143 1424 suis
1173 1367 1209 1425 et
1238 1364 1437 1439 animalibus,

297 1460 404 1532 curris,
420 1459 554 1520 carectis
569 1464 605 1519 et
619 1459 771 1541 coriagiis
786 1459 852 1520 suis
874 1457 1130 1540 quibuscumque
1153 1458 1374 1521 eschaciondo
1392 1458 1438 1523 sad
1462 1514 1465 1519 .

297 1573 360 1615 non
387 1554 550 1616 morando.
597 1554 793 1617 Habendum
823 1559 857 1616 et
883 1554 1014 1616 tenend.
1046 1552 1110 1616 sibi
1147 1559 1184 1617 et
1212 1554 1439 1619 successoribu

297 1651 361 1711 suis
377 1651 411 1711 in
427 1656 629 1733 perpetuum.
667 1651 755 1711 Etsi
771 1651 941 1732 contingat
955 1650 1041 1731 quod
1053 1670 1128 1712 cum
1138 1649 1309 1733 aliquibus
1324 1652 1438 1727 averiis,

297 1747 491 1808 animalibus
506 1767 561 1809 seu
576 1747 724 1828 cariagiis
738 1749 804 1809 suis
819 1768 877 1830 per
891 1753 991 1808 terras
1006 1767 1092 1808 meas
1108 1747 1310 1809 transeundo
1335 1748 1438 1831 damli-

298 1863 377 1905 num
399 1842 534 1905 fecerint
560 1844 595 1905 in
619 1843 725 1906 bladis
750 1847 808 1905 aut
830 1844 932 1926 pratis
956 1844 1035 1905 meis
1059 1841 1112 1905 vel
1127 1843 1287 1906 heredum
1302 1864 1439 1908 meorum

299 1940 334 2001 in
350 1941 507 2002 comitatu
529 1940 693 2022 praedicto,
709 1938 782 2002 volo
798 1944 833 2001 et
848 1939 985 2001 concedo
1008 1938 1093 2021 quod
1115 1938 1185 2001 sine
1200 1939 1439 2022 inpercemento

299 2040 530 2118 pertranseant,
547 2038 594 2098 ita
616 2042 725 2098 tamen
750 2036 835 2118 quod
850 2035 1053 2096 satisfaciunt
1067 2035 1107 2097 de
1122 2033 1275 2118 dampnis
1291 2036 1329 2099 in
1346 2034 1439 2099 bladis

298 2133 350 2195 vel
375 2134 476 2216 pratis
500 2132 593 2194 factis
617 2133 698 2193 mihi
715 2132 768 2194 vel
783 2131 952 2194 heredibus
968 2132 1060 2208 meis,
1083 2131 1110 2193 si
1132 2151 1206 2213 quoe
1227 2131 1367 2213 fuerint,
1391 2150 1440 2215 pes

297 2229 403 2290 visum
417 2228 666 2310 fidedignorum.
798 2230 801 2235 ’

178 2413 212 2481 'u'
366 2417 568 2480 Conventum
583 2423 631 2480 est
646 2418 732 2480 inter
747 2419 907 2482 Abbatcm
922 2425 956 2482 et
971 2418 1174 2483 Conventum
1189 2419 1279 2483 Novi
1301 2420 1397 2485 Mon.
1410 2422 1441 2485 et

122 2484 274 2599 ffif'fffl
298 2514 467 2576 dominum
490 2514 668 2577 Robertum
695 2515 734 2577 de
759 2515 943 2592 Somcruill,
970 2515 1133 2591 videlicet,
1158 2515 1245 2597 quod
1271 2518 1442 2599 praedictu

123 2616 180 2663 bort
191 2616 233 2690 (1οΙ
298 2611 446 2673 domiuus
472 2609 631 2673 Robertus
657 2610 749 2673 dedit
775 2617 809 2674 et
845 2632 932 2675 conc.
964 2616 998 2673 et
1027 2613 1178 2693 prresenti
1207 2613 1331 2695 scripto
1363 2612 1441 2677 conf.

123 2681 273 2795 ffssssffffssffll
299 2707 452 2788 praedicto
481 2706 593 2770 abbati
624 2713 658 2769 et
687 2709 863 2769 conventui
888 2708 923 2768 in
950 2707 1146 2770 escambium
1176 2728 1235 2790 pro
1270 2728 1443 2773 commum

124 2812 267 2875 mon-right.
298 2810 436 2885 pasturae
459 2823 523 2864 suae
545 2802 585 2864 de
608 2802 814 2885 Schelingley
829 2803 994 2865 redditum
1016 2824 1037 2864 x
1060 2803 1235 2866 solidorum
1258 2805 1295 2866 in
1310 2805 1394 2869 villa
1406 2806 1444 2869 dc

297 2898 483 2975 Trenowell,
514 2899 761 2980 percipiendum
798 2901 968 2961 annuatim
1005 2897 1045 2960 de
1072 2905 1144 2962 tota¹
1171 2904 1259 2963 terra
1284 2900 1346 2963 illa
1372 2920 1445 2965 cum

298 2995 518 3076 pertinenciis,
551 3014 649 3075 quam
679 2993 847 3056 Gilbertus
885 2997 1078 3077 praepositus
1114 2996 1278 3078 quondam
1314 2996 1358 3059 de
1387 2996 1444 3059 illo

298 3093 408 3153 tenuit
430 3092 465 3151 in
488 3092 601 3152 eadem
623 3089 715 3167 villa,
738 3090 779 3152 ad
802 3110 1018 3173 quascumque
1041 3112 1156 3153 manus
1177 3097 1265 3153 terra
1287 3092 1445 3175 praedicte

137 3189 262 3239 'l'rcuclt
298 3190 332 3249 in
348 3193 510 3269 posterum
527 3186 704 3265 devenerit,
720 3187 885 3262 videlicet,
901 3188 1112 3250 medietatem
1132 3187 1172 3249 ad
1196 3189 1317 3251 festum
1331 3188 1445 3253 Sancti

297 3286 433 3346 Mart-ini
451 3285 485 3345 in
501 3284 614 3366 hyeme
630 3287 664 3345 et
686 3283 785 3346 aliam
807 3284 1018 3346 medietatem
1040 3285 1081 3346 ad
1099 3284 1327 3362 Pentecosten,
1339 3285 1445 3349 omni-

297 3384 391 3443 moda
415 3382 622 3443 districcione
648 3379 690 3440 ad
717 3381 908 3462 praedictum
932 3380 1097 3442 redditum
1113 3401 1207 3443 suum
1230 3382 1445 3463 quaerendum

296 3478 459 3559 prurlictis
486 3474 644 3555 religiosis
655 3477 867 3556 contingente
883 3476 1005 3538 eisdem
1020 3482 1193 3539 reservata.
1231 3477 1384 3541 Habend.
1410 3483 1445 3541 et

296 3571 425 3633 tenend.
441 3570 604 3651 praedictis
626 3568 699 3631 abb.
723 3576 757 3631 et
781 3573 955 3633 conventui
972 3576 1006 3633 et
1026 3592 1136 3634 eorum
1152 3573 1385 3637 successorihus
1408 3574 1444 3637 in

296 3668 389 3729 feodo
405 3670 439 3727 et
454 3664 645 3740 hereditate,
671 3663 783 3741 libere,
809 3666 930 3747 quiete,
957 3666 1049 3744 bene,
1074 3672 1109 3729 et
1134 3669 1170 3730 in
1194 3689 1283 3751 pace.
1327 3669 1445 3733 Dictus

296 3784 370 3825 vcro
386 3762 537 3824 dominus
556 3759 717 3823 Robcrtus
742 3766 777 3824 et
800 3762 933 3824 heredes
957 3763 1007 3825 sui
1031 3768 1140 3826 totum
1163 3764 1357 3846 praedictum
1371 3766 1445 3829 red·

295 3860 402 3921 ditum
426 3857 590 3940 praedictis
617 3856 727 3918 abbati
755 3862 790 3920 et
816 3860 989 3921 conventui
1015 3864 1050 3921 et
1075 3880 1185 3923 eorum
1208 3863 1445 3926 successoribus

295 3963 406 4018 eontra
417 3973 526 4017 omnes
536 3954 683 4016 homines
695 3964 726 4015 et
741 3954 831 4016 dotes
841 3953 1015 4016 mulierum
1026 3957 1303 4034 warantizabunt,¹
1314 3958 1446 4042 acquie-

120 4046 255 4157 <urrerem
295 4052 422 4127 tabunt,
438 4056 471 4113 et
486 4050 662 4111 defendent
677 4052 712 4111 in
739 4054 941 4133 perpetuum.
988 4051 1033 4112 Et
1056 4051 1163 4115 dictus
1182 4053 1282 4116 abbas
1305 4060 1341 4118 et
1366 4074 1446 4119 con·

118 4127 269 4234 oigffingrzon-
295 4152 409 4209 ventus
435 4145 636 4217 remiserunt,
661 4146 905 4228 resignaverunt
929 4150 964 4207 et
988 4148 1120 4210 omnino
1150 4150 1295 4231 quietam
1323 4150 1445 4215 clama·

117 4239 245 4366 iutsylreling-
295 4248 410 4305 verunt
435 4242 589 4323 praedicto
615 4240 756 4302 Domino
783 4241 925 4304 Roberto
952 4241 992 4305 de
1018 4242 1191 4307 Someruill
1211 4251 1246 4307 et
1271 4246 1445 4311 heredibus

450 4434 457 4465 ¹
478 4430 522 4499 Or,
535 4429 725 4485 wurcntabunt
732 4450 740 4499 3
758 4431 863 4503 always
871 4431 899 4485 in
911 4432 958 4487 the
971 4432 1030 4489 MS.
1043 4435 1154 4489 written
1171 4438 1180 4467 ‘
1187 4434 1261 4488 war!
