2940 5048
445 314 495 369 Du
518 314 614 369 NOVO
638 314 876 369 Mouasruum.

76 482 187 562 curias,
198 487 235 546 et
245 482 288 546 ab
300 502 389 546 omn.
400 482 477 546 sliis
492 482 697 547 saecrdaribus
712 485 857 547 serviciis
872 503 944 567 quae
958 485 1000 547 de
1015 483 1126 568 aliqua
1136 483 1235 571 (45a)

74 582 165 642 terra
178 584 316 663 possunt
329 580 420 663 exigi
434 578 488 643 vel
502 578 583 655 dari,
595 585 630 643 et
641 580 720 644 adeo
735 579 835 643 libere
847 586 881 643 et
892 581 1002 662 quiete
1018 582 1109 644 sicud
1125 582 1235 664 aliqua

75 675 119 739 el.
134 676 256 738 melius
269 679 304 738 et
318 675 454 739 liberius
475 681 583 759 potest
605 676 675 740 dari
690 677 742 739 vel
758 678 874 739 teneri.
920 678 965 738 Et
980 677 1061 739 dicti
1086 678 1184 740 abbas
1199 682 1235 740 et

77 792 145 834 mo.
167 771 220 836 rel
242 771 295 833 sui
315 773 436 856 assign.
458 772 543 834 inira
564 772 663 855 praed.
682 778 803 835 terram
826 772 937 835 domos
960 774 1177 850 aedificabuut,
1198 778 1233 835 et

78 868 199 930 fossato
228 866 282 930 vel
310 867 376 930 ulio
405 887 595 950 quocunque
624 868 720 930 modo
750 868 903 931 claudent
931 869 959 930 si
996 869 1167 945 volueriut,
1197 874 1232 932 et

79 963 204 1025 facient
225 963 450 1026 omnimodum
474 962 652 1046 proficuum
674 985 769 1026 suum
785 965 825 1026 de
840 969 910 1026 tota
929 965 1017 1026 dicta
1039 971 1135 1040 terra,
1151 971 1185 1028 et
1200 967 1236 1026 iu

81 1062 153 1121 tota
172 1059 265 1122 dicta
286 1064 374 1122 terra
396 1078 471 1121 cum
491 1059 589 1121 dictis
611 1059 703 1122 toftis
725 1066 759 1122 et
775 1060 886 1122 croftis
907 1060 997 1122 sicud
1012 1060 1186 1140 volueriut,
1201 1066 1236 1123 et

83 1154 251 1219 habebunt
276 1153 417 1217 liberum
443 1155 616 1217 introitum
642 1160 677 1218 et
702 1156 827 1217 exitum
854 1162 889 1218 et
914 1158 1089 1219 transitum
1116 1157 1236 1239 ubique

84 1258 175 1313 utra
196 1248 331 1313 bladum
346 1256 383 1314 et
398 1256 529 1333 pratum
552 1251 615 1312 sibi
630 1256 664 1313 et
678 1251 863 1314 hominibus
886 1253 952 1314 suis
974 1256 1009 1315 et
1031 1253 1148 1314 averiis
1169 1254 1236 1315 suis

84 1366 160 1408 curn
186 1366 275 1409 omn.
301 1346 396 1408 rebus
425 1347 609 1409 necessariis
636 1346 704 1408 sine
729 1347 987 1410 contradiccione
1013 1350 1078 1409 mei
1105 1353 1139 1411 et
1166 1349 1235 1410 ber.

83 1462 232 1505 meorum
255 1448 291 1506 et
305 1442 474 1505 hominum
496 1446 597 1506 nostr.
624 1443 660 1505 in
675 1448 867 1525 perpetuum
895 1449 929 1506 et
954 1444 1079 1506 molent
1102 1444 1234 1507 bladum

86 1558 182 1601 suum
212 1538 241 1601 si
272 1538 435 1601 voluerint
461 1538 505 1600 sd
532 1538 756 1601 molendinum
793 1539 834 1601 de
860 1539 1045 1623 Lythdonn,
1071 1546 1104 1602 et
1131 1542 1235 1623 quieti

86 1639 186 1697 erunt
200 1634 244 1696 de
251 1634 407 1697 multura.
452 1633 497 1696 Et
511 1654 571 1717 ego
586 1634 658 1696 Ric.
674 1638 708 1697 et
730 1635 797 1697 her.
812 1635 911 1718 praed.
926 1635 999 1698 abb.
1024 1641 1058 1699 et
1079 1658 1146 1700 mo.
1161 1656 1235 1699 war.

86 1731 123 1793 in
136 1736 335 1815 perpetuum
349 1734 463 1792 contra
476 1750 597 1806 omnes,
611 1736 674 1794 etc.

151 1920 310 1985 Ricardus
324 1920 366 1983 de
389 1920 548 2000 (ioscheb,
562 1921 710 1985 salutem.
755 1921 892 1985 Noverit
913 1923 1105 1986 universitas
1132 1929 1236 1986 vestra
1312 1926 1373 2004 ri,

85 2038 140 2081 me
160 2018 247 2081 bona
269 2018 332 2081 fide
347 2022 382 2080 et
395 2020 561 2100 praesentis
583 2019 696 2100 scripti
718 2020 930 2081 attestacioue
952 2020 1135 2101 promisisse
1150 2018 1234 2082 Abb.
1260 1992 1409 2108 3¹²3&OE

87 2118 122 2176 et
134 2134 200 2176 mo.
215 2113 301 2176 Novi
316 2113 420 2189 Mon,
434 2118 469 2175 et
483 2113 524 2175 ad
538 2114 599 2176 hoc
614 2114 806 2176 omnimodis
828 2116 932 2176 teneri
952 2115 1037 2196 quod
1060 2115 1101 2176 ad
1116 2116 1236 2197 primas
1261 2124 1340 2200 legul,

87 2210 200 2273 misas
218 2209 255 2270 in
274 2209 420 2291 partibus
433 2208 676 2272 Nortbumbriae
697 2209 749 2271 vel
771 2209 849 2272 alibi
873 2210 929 2271 ubi
953 2211 1143 2292 oportunius
1166 2209 1237 2272 fieri
1261 2196 1379 2255 mum·

86 2306 220 2389 poterit,
241 2304 439 2387 Margeriam
464 2324 602 2379 ,uxorem
627 2325 734 2367 meam
760 2326 867 2367 coram
892 2306 1084 2388 justiciariis
1110 2307 1235 2369 domiui

86 2400 186 2483 Regis
206 2400 324 2463 facum
347 2419 530 2481 comparere
544 2400 586 2463 ad
600 2401 838 2463 concedendum
854 2407 888 2464 et
902 2402 1157 2465 confirmandum
1179 2423 1237 2486 pro

86 2518 119 2560 se
131 2497 234 2560 dictis
247 2495 360 2559 abbati
371 2500 406 2558 et
419 2495 584 2558 monacbis
598 2497 767 2558 annuatim
783 2495 992 2560 donacionem
1007 2519 1124 2575 meam,
1135 2519 1233 2581 quam

86 2614 161 2655 cum
183 2591 319 2655 consilio
334 2596 369 2655 et
383 2590 549 2654 voluntate
568 2596 602 2656 et
620 2591 663 2653 sd
677 2592 872 2672 peticionem
895 2593 1039 2676 ejusdem
1064 2594 1236 2678 Margeriae

86 2689 193 2751 uxoris
215 2706 297 2750 mere
318 2687 394 2749 dedi
416 2707 504 2750 conc.
519 2692 553 2750 et
568 2709 596 2750 c.
611 2708 656 2749 m.
672 2686 755 2749 conf.
770 2687 890 2750 eisdem
909 2689 982 2751 abb.
998 2694 1032 2752 et
1047 2711 1110 2753 mo.
1127 2693 1162 2752 in
1178 2691 1236 2754 lib.

86 2806 158 2868 pur.
173 2790 209 2846 et
223 2802 315 2866 perp.
330 2783 371 2845 el.
385 2783 421 2844 in
435 2782 513 2845 villa
527 2783 568 2845 de
582 2782 745 2865 Lythdon‚
760 2781 895 2858 scilicet,
909 2785 1029 2847 toftum
1045 2794 1078 2848 et
1097 2787 1236 2849 crottum

87 2885 122 2943 et
136 2884 244 2943 totam
258 2884 379 2941 terram
394 2899 492 2961 quam
503 2878 661 2941 Robertus
676 2878 789 2961 Huget
800 2880 960 2961 quondam
972 2883 1089 2956 tenuit,
1099 2888 1132 2945 et
1147 2884 1238 2944 simi·

86 2976 163 3041 liter
186 2974 310 3039 toftum
334 2979 369 3037 et
384 2975 523 3038 crottum
549 2995 648 3057 quem
674 2975 833 3037 Henricus
859 2976 1043 3039 Littewrith
1070 2979 1232 3061 quondam

87 3072 208 3149 tenuit,
222 3070 315 3135 sicud
333 3075 423 3133 carta
442 3091 516 3133 mea
538 3092 636 3152 quam
659 3071 739 3133 dicti
761 3071 859 3133 abbas
882 3078 915 3134 et
936 3093 1000 3136 mo.
1018 3074 1095 3135 inde
1118 3074 1238 3136 habent
1287 3146 1290 3153 Ι

87 3170 260 3251 proportut
280 3171 316 3229 et
336 3170 486 3240 testatur,
509 3166 607 3229 etad
630 3185 759 3228 omnem
785 3168 991 3230 securitatem
1014 3188 1111 3249 quam
1134 3169 1238 3231 facere

85 3264 209 3346 poterit
233 3260 398 3345 praedictis
423 3261 534 3324 abbati
560 3265 594 3324 et
619 3261 784 3323 monacbis
810 3282 917 3324 coram
943 3263 1022 3343 ipsis
1047 3262 1237 3342 justiciariis

84 3358 281 3423 faciendam.
324 3356 371 3421 Et
391 3376 452 3440 ego
474 3355 630 3420 Ricardus
645 3356 685 3418 de
700 3356 843 3420 Gosebec
866 3356 974 3439 obligo
996 3377 1049 3419 me
1072 3359 1238 3438 praesentis
1262 3375 1407 3440 Penaltyor

85 3454 201 3537 scripti
222 3453 436 3517 attestacione
458 3451 623 3535 praedictis
643 3452 717 3515 abb.
733 3457 767 3514 et
786 3472 873 3533 mon.
890 3452 931 3513 ad
953 3453 1062 3513 omnia
1083 3452 1238 3534 praedicta
1263 3445 1295 3491 ²²
1310 3443 1404 3494 murs.

85 3548 235 3614 facienda
256 3548 318 3611 sub
337 3547 448 3611 debito
462 3568 504 3610 xx
518 3552 552 3610 et
567 3548 703 3611 duarum
726 3567 906 3609 marcarum
929 3548 1167 3630 sterlinganrm,
1189 3550 1238 3611 ita

85 3646 172 3729 quod
187 3645 216 3708 si
231 3664 293 3727 ego
307 3664 328 3707 a
342 3644 505 3727 proposito
525 3643 666 3705 resiliero
681 3648 715 3705 et
730 3663 768 3704 ea
782 3643 891 3705 omnia
906 3663 978 3724 quae
993 3644 1148 3726 praedicta
1162 3649 1238 3706 sunt

87 3742 193 3805 facere
207 3738 389 3823 neglexero,
402 3737 645 3801 archidiaconus
659 3736 911 3815 Nerthumbriae,
934 3739 990 3819 qui
1012 3759 1070 3820 pro
1091 3743 1237 3821 tempore

87 3836 198 3915 fierit,
212 3834 267 3899 vel
280 3835 353 3918 ejus
372 3833 526 3908 officialis,
546 3853 604 3916 per
618 3852 786 3895 censuram
808 3833 1055 3896 ecclesiasticam
1076 3855 1129 3897 me
1151 3856 1239 3897 com-

42 3976 48 3987 ·
87 3932 191 4017 pellat
211 3932 256 3995 ud
276 3933 381 3995 tocius
407 3930 554 4014 praedicti
576 3930 679 3993 debiti
703 3929 899 3992 solucionem
925 3930 1046 3992 eisdem
1072 3930 1182 3993 abbati
1204 3936 1238 3994 et

88 4027 256 4091 monachis
267 4026 310 4089 ad
320 4026 590 4089 sustentacionem
603 4044 778 4107 pauperum
796 4021 918 4087 Christi
929 4026 970 4086 ad
981 4030 1106 4107 portam
1119 4027 1240 4090 facien-

87 4123 176 4187 dum.
216 4120 254 4187 si
267 4126 379 4185 autem
394 4140 455 4204 ego
470 4120 636 4197 Ricardu,
650 4121 840 4202 priusquam
854 4139 892 4181 ea
907 4140 978 4200 quae
993 4122 1147 4201 praedicta
1162 4127 1239 4185 sunt

87 4218 290 4301 conplente,
302 4218 338 4281 in
348 4216 417 4280 fatu
432 4217 605 4292 decessero,
620 4214 691 4278 volo
707 4219 740 4276 et
751 4214 849 4297 jubeo
866 4215 951 4295 quod
966 4221 1150 4280 executores
1171 4220 1238 4281 mei

87 4314 136 4377 nil
149 4314 192 4377 de
205 4317 404 4377 testamento
417 4311 516 4397 (rob)
527 4331 599 4374 meo
614 4310 736 4373 faciant
746 4311 809 4372 nisi
822 4315 929 4371 totum
942 4310 1133 4392 praedictum
1149 4316 1241 4378 debi-

87 4414 161 4475 tum
185 4410 275 4493 prius
288 4410 330 4473 de
345 4408 440 4472 rebus
460 4409 542 4472 meis
564 4408 660 4470 dictis
681 4407 792 4470 abbati
807 4411 842 4469 et
856 4407 1021 4471 monachis
1045 4409 1187 4491 plenarie
1205 4418 1239 4475 et
