2940 5048
690 338 963 390 CHARTULARIUM

250 509 332 570 riam
347 507 388 570 de
403 507 584 583 Holburne‚
601 507 700 570 carris
715 512 749 569 et
771 509 932 585 carrectis‚
948 505 1137 588 summagiis
1157 509 1191 566 et
1210 501 1399 565 hominibus

251 606 320 666 sine
333 603 557 686 inpedimento
571 604 638 665 mei
654 603 704 665 vel
719 603 875 666 heredum
892 602 944 664 vel
967 603 1137 665 hominum
1153 619 1309 663 meorum.
1355 597 1400 659 Et

251 720 311 782 ego
326 705 360 762 et
376 698 508 762 heredes
521 700 587 761 mei
607 719 680 762 var.
704 700 802 781 praed.
822 720 908 762 mon.
921 699 1186 782 praenominatam
1203 697 1294 758 viam
1308 691 1400 756 sicud

251 798 378 859 dictum
392 801 451 874 est,
467 800 578 858 contra
589 816 700 859 omnes
717 796 861 859 homines
876 797 1126 879 inperpetuum.
1158 794 1234 856 Hiis
1248 790 1400 854 testibus.

320 988 464 1070 Rogerus
479 988 519 1051 de
533 987 651 1050 Merlai
667 988 744 1071 iij¹¹⁸‚
756 986 905 1050 salutem.
943 987 1081 1050 Noverit
1092 985 1284 1049 universitas
1296 986 1403 1046 vestra

143 1108 161 1141 x
254 1105 308 1148 me
322 1105 379 1167 pro
390 1083 493 1147 salute
504 1085 620 1147 animae
631 1105 712 1147 meae
726 1089 761 1147 et
772 1104 857 1147 omn.
870 1088 1022 1147 antecess.
1035 1103 1181 1146 meorum
1190 1089 1223 1144 et
1235 1079 1402 1153 heredum,

255 1182 339 1257 ded„
355 1201 454 1257 conc,
470 1185 504 1243 et
518 1201 610 1262 praes.
626 1186 715 1244 carta
736 1201 809 1243 mea
832 1181 915 1243 conf.
931 1181 999 1243 Deo
1023 1187 1058 1243 et
1076 1179 1241 1242 monachis
1261 1176 1404 1239 ecclesiae

84 1284 196 1334 Warkor·
255 1278 365 1340 Beatae
377 1277 490 1340 Mariae
499 1277 584 1340 Novi
599 1277 689 1340 Mon.
702 1278 737 1339 in
747 1297 862 1360 puram
877 1277 1095 1355 elemosinam,
1108 1276 1270 1338 culturam
1284 1292 1403 1349 meam,

71 1351 138 1415 Μ·
256 1395 327 1457 quae
339 1379 472 1435 vocatur
483 1371 704 1450 Meredenflat,
713 1375 748 1435 in
760 1374 923 1436 territorio
935 1375 975 1435 de
984 1373 1149 1456 Morpath,
1160 1372 1256 1454 juxta
1271 1369 1406 1432 bercha-

80 1484 162 1532 Grano
173 1482 202 1530 ol
256 1472 339 1532 riam
354 1469 527 1532 eorundem
541 1469 783 1545 monachorum,
793 1469 956 1546 videlicet,
968 1490 987 1532 a
999 1471 1105 1551 capite
1116 1467 1226 1530 fossati
1241 1466 1405 1528 dictorum

80 1549 231 1677 w?
256 1567 485 1628 monachorum
515 1564 557 1628 ad
587 1565 707 1628 divisas
736 1567 822 1628 inter
852 1586 904 1627 me
934 1571 968 1628 et
997 1566 1163 1628 baroniam
1196 1563 1235 1626 de
1265 1561 1406 1624 Mitford

80 1679 207 1744 Morpath.
256 1683 382 1725 sursum
412 1682 521 1724 versus
544 1667 690 1724 austrum
720 1682 778 1744 per
807 1661 934 1723 easdem
965 1662 1083 1724 divisas
1109 1681 1191 1743 usqu
1239 1658 1279 1720 ad
1305 1676 1405 1720 vmam

256 1758 382 1821 leoham
391 1778 430 1820 ex
443 1757 576 1819 australi
588 1762 679 1840 parte
694 1757 836 1840 ejusdem
852 1759 998 1836 culturae,
1009 1763 1043 1820 et
1056 1779 1113 1840 per
1128 1680 1262 1819 eandem
1277 1754 1405 1816 leoham

256 1857 342 1917 sicut
367 1874 451 1936 aqua
474 1852 641 1917 descendit
667 1875 770 1937 usque
796 1855 836 1916 ad
861 1875 1017 1938 magnum
1042 1855 1234 1930 chiminum,
1252 1857 1287 1914 et
1301 1856 1406 1913 trans·

257 1971 365 2014 versus
380 1951 561 2013 chiminum
577 1970 685 2014 versus
708 1952 865 2014 orientem
891 1952 1055 2033 usquead
1080 1970 1207 2012 moram
1231 1948 1273 2011 ad
1300 1945 1406 2028 capud

257 2047 414 2110 orientale
429 2048 576 2130 ejusdem
591 2048 737 2122 culturae,
753 2054 787 2109 et
802 2049 848 2109 sic
863 2067 972 2109 versus
987 2047 1173 2129 aquilonem
1189 2046 1274 2107 sicut
1289 2043 1406 2126 egoeis

258 2144 376 2207 divisas
392 2144 455 2206 feci
469 2164 570 2226 usque
588 2144 630 2206 ad
645 2147 737 2205 vetus
753 2144 908 2205 fossatum
924 2143 1098 2205 eorundem
1112 2140 1356 2217 monachorum,
1371 2142 1407 2200 et

258 2261 315 2322 per
330 2241 418 2302 idem
434 2240 591 2303 fossatum
606 2259 706 2321 usque
721 2239 761 2300 ad
777 2240 947 2320 praedictas
962 2240 1082 2301 divisas
1097 2238 1239 2300 baroniae
1261 2235 1301 2298 de
1323 2234 1408 2296 Mit-

258 2336 341 2414 ford,
356 2336 513 2418 quicquid
536 2335 621 2397 infra
647 2335 704 2395 has
730 2334 849 2396 divisas
871 2338 1057 2398 continetur
1080 2334 1155 2396 dedi
1179 2332 1276 2395 dictis
1296 2349 1409 2393 mona-

259 2433 338 2494 chis.
370 2431 512 2494 Tenend.
528 2436 563 2494 et
577 2430 704 2493 habend
721 2428 794 2514 (Sa)
816 2432 851 2492 in
867 2451 937 2513 pur.
957 2438 991 2493 et
1013 2452 1101 2513 perp.
1118 2430 1158 2492 el.
1175 2428 1289 2505 soluta,
1304 2426 1409 2489 libera

258 2534 293 2590 et
322 2528 433 2610 quieta
458 2526 500 2589 ab
525 2528 616 2589 omni
639 2527 772 2589 servicio
796 2531 830 2589 et
854 2529 1021 2591 exaccione
1049 2532 1083 2589 et
1108 2527 1150 2588 ab
1165 2527 1254 2588 omni
1278 2545 1313 2585 re
1337 2542 1409 2606 quae

259 2626 301 2688 ab
326 2623 437 2706 aliqua
462 2628 548 2686 terra
572 2623 659 2706 exigi
684 2628 801 2706 potest,
824 2624 866 2685 ad
889 2624 1073 2686 faciendum
1096 2622 1173 2686 inde
1198 2625 1306 2684 totum
1320 2639 1409 2682 com·

260 2721 394 2782 modum
420 2740 525 2796 suum,
542 2725 577 2782 et
600 2719 642 2782 ad
668 2718 852 2781 includend.
879 2740 936 2802 per
966 2720 1096 2782 easdem
1129 2718 1247 2780 divisas
1276 2720 1409 2799 propter

261 2817 478 2880 defensionem
493 2816 661 2879 bladorum
676 2836 816 2893 suorum,
831 2816 879 2878 ita
894 2823 1005 2879 tamen
1021 2817 1105 2898 quod
1128 2819 1201 2898 post
1221 2813 1410 2896 quindecim

262 2915 331 2976 dies
357 2919 429 2995 post
455 2913 709 2995 asportacionem
736 2912 905 2975 bladorum
932 2913 991 2974 fiat
1026 2917 1178 2994 apertura
1203 2907 1410 2972 racionabilis

262 3011 320 3072 ubi
345 3008 491 3070 homines
515 3009 581 3071 mei
605 3008 647 3070 de
678 3007 831 3089 Morpath
862 3010 986 3090 possint
1012 3007 1129 3070 habere
1160 3007 1338 3088 ingressum
1369 3004 1410 3067 ad

262 3105 373 3168 utend.
390 3125 560 3167 commune
571 3102 652 3189 (ccc)
664 3105 698 3165 in
721 3104 843 3186 stipula
866 3106 950 3166 siout
973 3105 1113 3166 concessi
1138 3104 1185 3164 eis
1209 3122 1265 3184 per
1288 3105 1411 3164 cartam

263 3222 369 3264 meam
384 3200 425 3263 de
439 3201 512 3263 aliis
527 3201 698 3263 dominicis
714 3201 851 3263 culturis
866 3202 945 3263 meis
961 3222 1001 3262 ex
1017 3200 1073 3261 illa
1088 3204 1180 3281 parte
1189 3197 1229 3259 de
1244 3196 1411 3280 Morpath.

264 3301 309 3361 Et
335 3318 394 3380 ego
421 3302 454 3359 et
481 3298 611 3360 heredes
635 3297 700 3359 mei
727 3298 837 3359 omnia
860 3297 1095 3378 praenominata
1117 3295 1214 3356 dictis
1245 3294 1413 3357 monachis

265 3416 338 3457 war.
355 3399 467 3456 contra
481 3413 590 3454 omnes
606 3392 751 3454 homines
767 3392 802 3453 in
817 3396 1022 3473 perpetuum.
1067 3391 1228 3467 Testibua
1244 3395 1307 3453 etc.

333 3583 492 3648 Omnibus
508 3586 626 3644 sanctae
640 3583 754 3644 matris
769 3581 911 3645 ecclesiae
922 3582 1000 3644 filiis
1016 3583 1229 3665 praesentibus
1238 3587 1272 3646 et
1281 3582 1412 3658 futuris,

139 3692 187 3774 vlij
267 3685 411 3764 Rogerus
421 3680 460 3741 de
471 3678 611 3740 Marlaco
622 3679 752 3756 tercius,
764 3679 913 3741 salutem.
951 3679 1089 3741 Noverit
1104 3680 1296 3741 universitas
1305 3683 1414 3741 vestra

88 3755 204 3885 faffon-
268 3780 352 3862 quod
368 3797 442 3838 cum
458 3775 699 3857 praedecessores
714 3776 779 3836 mei
801 3776 1016 3838 concesserint
1037 3776 1202 3838 monachis
1223 3775 1305 3838 Nov.
1321 3775 1412 3837 Mon.

90 3909 173 3960 Gnsnt
185 3913 213 3960 of
222 3930 237 3963 a
268 3878 402 3939 liberam
418 3874 505 3934 viam
520 3870 560 3933 de
577 3871 813 3953 Grauenegate,
829 3892 888 3954 ego
904 3873 1037 3935 eandem
1050 3873 1096 3934 eis
1106 3893 1162 3955 per
1171 3876 1294 3934 cartam
1305 3891 1413 3935 meam

90 3977 151 4022 roso
164 3978 197 4039 br
268 3974 369 4035 libere
384 3969 582 4033 confirmavi.
628 3969 673 4030 Et
689 3969 766 4050 quia
779 3969 855 4032 nolo
870 3976 908 4031 ut
920 3969 1062 4051 cariagia
1077 3967 1130 4031 vel
1145 3970 1327 4051 summagia
1342 3969 1413 4031 dic·

89 4037 174 4102 R⁰g⁰r
187 4044 236 4093 111.
268 4077 374 4132 torum
390 4065 621 4128 monachorum
637 4064 687 4127 vel
701 4064 811 4147 aliqua
825 4066 891 4127 alia
901 4066 943 4128 ad
954 4086 1007 4127 eos
1021 4066 1224 4146 pertinencia
1237 4067 1414 4146 graventur

268 4166 320 4228 vel
352 4162 572 4245 impediantur
603 4161 768 4222 occasione
802 4165 881 4223 artae
918 4161 978 4223 viae
1017 4160 1058 4222 ad
1091 4160 1196 4242 capud
1231 4159 1414 4243 aquilonale

268 4282 359 4324 novae
374 4258 461 4320 villae
485 4257 525 4319 de
549 4255 702 4337 Morpath
719 4276 815 4337 quam
838 4256 972 4319 fundavi
998 4276 1098 4338 usque
1122 4255 1164 4319 ad
1188 4276 1315 4319 crucem
1330 4255 1414 4337 lapi-

88 4360 152 4408 a'ew
164 4372 232 4419 town
268 4358 372 4431 (leam,
382 4354 469 4431 dedi,
480 4372 568 4414 conc.
581 4356 617 4413 et
631 4372 721 4433 praes.
738 4357 826 4413 carta
841 4372 913 4414 mea
928 4352 1011 4414 conf.
1022 4373 1080 4434 pro
1090 4353 1193 4416 salute
1204 4355 1322 4416 animae
1334 4371 1414 4416 meae

86 4426 194 4478 ofllor-
565 4469 570 4480 ,
662 4448 715 4461 ··
884 4449 890 4461 ·
1040 4450 1046 4462 ·

117 4491 153 4540 rh.
268 4460 301 4515 et
313 4459 465 4515 antcccss.
481 4467 627 4509 meorum
637 4447 734 4511 drctrs
744 4448 908 4511 monachis
918 4453 1025 4511 totum
1037 4448 1133 4512 allum
1146 4450 1303 4532 angulum
1318 4455 1412 4512 terrae
