2940 5048
404 349 451 400 us
475 348 570 400 noro
597 348 833 403 1111111111.
1298 336 1367 410 167

40 526 111 583 tem.
160 519 283 583 Sciatis
298 539 351 581 me
366 518 407 580 ad
423 518 621 600 peticionem
637 517 787 601 Hugonis
802 521 843 582 de
859 521 1024 606 Lakenby‚
1048 542 1137 584 eone.
1161 528 1194 586 et
1220 533 1356 585 Confirma-

38 618 65 678 lr.
80 637 113 700 p.
129 638 156 679 o.
174 638 220 677 m.
236 616 324 678 coni.
340 614 439 700 (881))
450 615 518 677 Deo
530 621 565 678 et
581 614 619 677 Β.
633 615 681 677 Μ.
697 621 731 677 11
754 637 840 680 mon.
865 619 905 680 de
921 619 982 682 No.
998 621 1066 683 Μο.
1090 625 1194 684 totam
1218 599 1329 717 ξξζῦἕθ
1341 668 1366 718 S·

36 714 245 776 donacionem
260 720 354 775 terrae
368 732 441 774 oum
456 713 576 794 pertin.
592 713 657 774 suis
672 733 768 795 quam
784 715 872 777 idem
884 715 983 797 Hugo
994 718 1039 779 eis
1053 717 1142 781 dedit
1158 720 1192 780 in
1218 732 1301 784 Petro.

37 810 112 873 villa
123 810 165 873 de
178 810 357 892 Ydyngton
372 810 409 871 in
424 809 482 872 lib.
496 829 565 891 pur.
577 814 612 871 et
627 810 854 892 perpetuum
869 833 999 895 corpore
1014 834 1080 877 suo.
1113 816 1192 878 Ten.

35 912 66 969 et
81 906 156 969 hab.
171 906 271 988 praed.
287 926 351 968 mo.
367 904 407 968 de
423 905 522 988 praed.
537 906 678 988 Hugone
693 907 808 970 ether.
826 928 850 971 s.
863 929 938 971 oum
947 911 1097 972 omnibus
1111 913 1193 973 asia-

36 1005 155 1067 mentis
170 1009 204 1065 et
220 1001 425 1065 libertatibus
440 1001 480 1064 ad
496 1002 594 1084 praed.
611 1003 724 1064 villam
747 1003 786 1065 de
803 1004 978 1087 Ydyngton
998 1009 1193 1089 pertinenti·

35 1100 106 1177 bus,
119 1098 181 1162 lib.
197 1100 264 1181 qui.
280 1105 314 1163 et
329 1099 434 1161 solute
449 1098 490 1161 ab
505 1119 592 1160 omn.
608 1099 701 1161 rebus
717 1101 807 1162 sicud
829 1108 917 1164 carta
939 1101 1071 1165 illorum
1094 1125 1192 1187 quam

35 1198 111 1261 inde
126 1196 250 1259 habent
269 1200 435 1280 proportat
450 1201 484 1259 et
499 1200 648 1259 testetur.
694 1196 769 1258 Hiis
784 1199 932 1261 testibus.
967 1224 971 1229 ·

101 1390 228 1467 Sciant,
242 1394 304 1452 eto.
321 1389 406 1472 quod
421 1409 483 1473 ego
498 1389 632 1467 Alanus,
646 1390 692 1451 fil.
708 1390 859 1473 Hugonis
874 1392 914 1453 de
929 1391 1096 1477 Lakenby,
1118 1395 1190 1459 ded.
1268 1415 1318 1482 iiij·

33 1507 124 1549 cono.
141 1493 176 1549 et
192 1485 225 1549 h.
241 1506 285 1547 m.
301 1506 329 1547 o.
345 1487 429 1548 coni.
452 1487 522 1548 Deo
536 1492 570 1549 et
585 1486 624 1548 B.
641 1487 688 1548 M.
705 1492 740 1549 et
754 1508 818 1550 mo.
835 1487 896 1550 N0.
912 1489 980 1552 Mo.
996 1492 1032 1553 in
1046 1492 1102 1557 lib.
1119 1515 1191 1576 pur.
1215 1484 1337 1598 fflfff

33 1590 70 1647 et
85 1604 177 1667 perp.
192 1582 233 1645 el.
249 1589 370 1645 terram
386 1584 573 1646 latitudinis
587 1584 643 1666 viij
659 1585 777 1666 pedum
794 1586 828 1647 in
844 1586 995 1649 orientali
1006 1596 1096 1670 parte
1106 1591 1191 1652 villae
1216 1615 1351 1679 Magrou,

33 1681 75 1743 de
107 1680 298 1763 Ydyngton,
328 1679 396 1741 soil.
421 1682 508 1743 inter
532 1683 732 1744 dominicum
758 1682 879 1745 toftum
905 1685 987 1746 aulae
1013 1691 1046 1747 et
1072 1687 1191 1748 toftum
1217 1682 1366 1796 ffllflffd‘*

33 1776 189 1860 Hugonis
204 1778 380 1859 praepositi,
396 1784 430 1839 et
445 1778 522 1840 inde
537 1778 749 1841 sufficientem
772 1779 859 1841 viam
881 1800 982 1862 usque
1005 1782 1046 1842 ad
1068 1782 1192 1845 fontem
1271 1765 1301 1796 ⁰⁰
1319 1765 1344 1811 y.

31 1874 75 1937 ed
91 1873 305 1936 hauriendam
320 1893 449 1957 aquam,
463 1880 498 1937 et
512 1876 659 1938 homines
673 1878 738 1938 mei
753 1876 897 1958 ejusdem
913 1877 998 1939 villae
1013 1881 1193 1940 communi·

31 1969 157 2032 eebunt
172 1971 207 2031 in
221 1970 335 2033 eadem
350 1971 403 2033 via
418 1992 493 2033 oum
508 1972 693 2035 hominibus
703 1974 942 2035 monachorum.
988 1973 1082 2035 Hane
1094 1976 1191 2056 praed.

31 2071 156 2129 terram
178 2066 253 2129 dedi
277 2067 322 2130 eis
345 2088 403 2150 pro
426 2069 480 2130 via
502 2089 599 2151 quam
621 2070 768 2132 solebant
790 2069 899 2151 aliquo
915 2075 1060 2151 tempore
1075 2071 1191 2134 habere

32 2184 93 2247 per
114 2163 261 2227 medium
282 2165 364 2228 aulae
386 2170 421 2227 et
444 2166 616 2228 dominioae
632 2168 726 2229 ouriae
741 2186 833 2228 meae.
879 2165 1039 2228 Praeterea
1054 2169 1191 2231 oonoedo

32 2268 70 2324 et
84 2280 118 2343 p.
134 2282 162 2324 o.
178 2261 263 2325 conf.
275 2260 398 2324 eisdem
409 2282 473 2324 mo.
489 2262 524 2323 in
539 2261 596 2324 lib.
613 2283 684 2345 pur.
700 2268 734 2325 et
749 2283 838 2344 perp.
855 2261 896 2324 el.
919 2261 983 2343 xxij
1009 2282 1095 2325 aeras
1118 2285 1192 2325 cum

31 2364 118 2441 pert.
133 2379 158 2420 s.
174 2379 254 2442 quas
270 2359 391 2422 habent
406 2379 446 2422 ex
460 2360 544 2421 dono
558 2359 709 2442 Hugonis
725 2360 827 2441 patris
843 2360 908 2420 mei
924 2358 959 2419 in
974 2361 1138 2422 territorio
1149 2362 1191 2423 de

33 2451 214 2537 Ydyngton
228 2459 264 2517 et
278 2476 353 2518 cum
367 2476 454 2518 omn.
470 2455 526 2518 lib.
544 2460 577 2517 et
595 2456 708 2517 asiam.
731 2455 772 2516 ad
796 2455 933 2516 eandem
955 2455 1068 2517 villam
1090 2458 1191 2539 perti·

31 2550 198 2628 uentibus,
206 2552 286 2614 adeo
297 2551 355 2614 lib.
364 2559 399 2613 et
408 2554 474 2633 qui.
490 2557 523 2614 et
539 2551 675 2614 honorif.
692 2550 733 2614 ab
743 2571 829 2612 omn.
842 2550 935 2613 rebus
945 2572 1014 2633 quae
1026 2553 1068 2615 ab
1082 2553 1191 2636 aliqua

30 2652 121 2709 terra
144 2649 233 2731 exigi
248 2652 392 2730 possunt,
407 2647 497 2710 sioud
513 2654 603 2710 carta
624 2648 727 2730 patris
750 2647 815 2708 mei
838 2666 935 2728 quam
958 2649 1046 2711 idem
1068 2650 1190 2714 habent

30 2747 203 2827 proportat
217 2749 254 2807 et
267 2749 418 2807 testatm.
464 2743 539 2806 Hiis
554 2744 703 2807 testibus.

101 2934 271 3013 Omnibus,
290 2942 353 3000 eto.
390 2935 514 2999 Alanus
539 2935 585 2998 fil.
614 2936 763 3019 Hugonis
788 2937 827 3000 de
847 2936 1013 3019 Lakenby‚
1039 2939 1189 3002 salutem.
1277 2948 1305 2989 v·

33 3032 155 3097 Sciatis
179 3054 233 3096 me
254 3054 312 3117 pro
328 3033 384 3097 sel.
406 3054 458 3097 an.
474 3054 519 3096 m.
535 3039 568 3096 et
587 3037 690 3096 anteo.
706 3053 751 3094 m.
768 3033 839 3095 ded.
856 3055 944 3095 cono.
961 3039 1042 3115 etp.
1061 3056 1088 3098 o.
1105 3037 1188 3098 conf.
1213 3005 1355 3121 gffissgd

31 3132 104 3195 Deo
126 3138 160 3195 et
176 3151 241 3193 mo.
256 3129 334 3193 eccl.
352 3130 385 3194 S.
402 3130 450 3194 M.
466 3131 526 3193 No.
543 3130 610 3192 Mo.
626 3129 704 3212 xlvij
732 3151 820 3192 aeras
842 3136 936 3193 terrae
953 3132 988 3191 in
1011 3150 1126 3212 campo
1148 3133 1189 3195 de
1214 3137 1347 3200 1111111111-

33 3228 228 3311 Ydyngton,
243 3248 322 3310 quas
336 3230 429 3309 pater
451 3247 541 3289 meus
556 3228 602 3289 eis
616 3227 745 3288 dimisit
759 3227 800 3288 ad
816 3225 943 3287 firmam
959 3245 1058 3307 usque
1073 3227 1113 3288 ad
1124 3234 1189 3289 111-
1213 3203 1364 3319 ζζζζέμὴθ

33 3326 163 3387 minum
178 3323 215 3384 1‘·
230 3342 398 3400 annorum,
408 3344 463 3405 per
473 3323 668 3405 subscriptas
679 3320 868 3404 particulas,
883 3321 1038 3383 videlicet
1052 3321 1075 3403 ij
1100 3344 1188 3386 aeras

33 3420 71 3483 in
95 3420 127 3483 le
153 3418 287 3482 Flnslres
312 3419 348 3480 in
373 3424 464 3501 parte
487 3418 648 3496 orientali,
663 3423 696 3480 et
711 3424 776 3479 tres
790 3437 879 3480 aoros
895 3437 987 3499 super
1002 3417 1188 3481 Hameldun

33 3516 280 3599 propinquiores
303 3520 399 3577 terrae
423 3534 520 3597 quam
547 3514 650 3575 Adam
667 3513 783 3577 Caluus
803 3514 912 3576 tenuit
937 3534 975 3576 ex
995 3514 1189 3578 occidentali

33 3619 138 3695 parte,
154 3610 213 3693 etj
227 3631 335 3673 aeram
350 3616 385 3673 et
399 3610 478 3673 dim.
494 3631 587 3693 super
602 3610 850 3692 Heybameldun
866 3616 1006 3692 exparte
1030 3612 1189 3690 orientali,

33 3716 69 3771 et
82 3710 117 3771 ix
131 3728 221 3770 acras
236 3727 331 3789 super
346 3706 521 3783 Mikelflat,
538 3726 616 3788 quas
631 3706 822 3788 Radulphus
837 3706 1013 3769 Salinarius
1028 3709 1188 3789 quondam

34 3805 153 3880 tenuit,
169 3808 204 3867 et
225 3812 293 3867 tres
315 3824 404 3866 aeras
422 3824 517 3885 super
532 3801 773 3866 Seuenwelflatt
788 3803 822 3864 in
834 3808 926 3885 parte
938 3804 1140 3882 occidentali,
1155 3808 1189 3866 et

30 3900 46 3983 j
63 3920 127 3966 aer.
142 3907 178 3964 et
192 3900 272 3963 dim.
289 3920 361 3983 quae
376 3920 409 3961 se
424 3900 603 3961 extendunt
618 3919 719 3980 usque
741 3900 782 3961 ad
805 3918 926 3960 moram
945 3899 1040 3981 juxta
1063 3900 1188 3980 spinam

37 4017 146 4061 versus
161 4000 331 4076 orientem,
345 4001 380 4059 et
405 3995 454 4077 iiij
481 4015 569 4057 aoros
595 4015 690 4077 super
713 4014 866 4078 magnam
890 3995 1048 4058 culturam
1070 4015 1140 4077 quae
1155 4016 1188 4059 se

36 4093 185 4157 extendit
199 4113 296 4176 super
310 4092 469 4176 petariam
484 4111 523 4153 ex
539 4096 631 4173 parte
647 4089 823 4172 aquilonali
838 4088 935 4173 (891)
957 4095 992 4152 11
1014 4095 1079 4152 tres
1101 4112 1189 4155 acras

36 4189 73 4251 in
87 4190 196 4252 medio
211 4190 252 4252 de
267 4186 542 4264 Sutherstaniflat,
557 4192 591 4250 et
606 4188 685 4249 duas
700 4206 788 4249 aeras
803 4207 897 4268 super
912 4184 1064 4249 Esterflat
1083 4208 1189 4251 versus

38 4285 253 4369 Clriluington
276 4306 316 4348 ex
345 4290 437 4367 parte
467 4284 670 4357 occidentali,
694 4283 760 4364 etj
789 4303 897 4345 acram
922 4286 955 4344 et
985 4283 1064 4345 dim.
1096 4305 1189 4367 super

39 4382 180 4445 Utlawes
213 4381 311 4464 juxta
347 4401 454 4443 aeram
492 4379 584 4443 illam
622 4400 719 4462 quam
756 4383 848 4460 pater
889 4398 981 4441 meus
1017 4381 1125 4444 tenuit
1151 4403 1190 4445 ex

39 4484 130 4560 parte
155 4477 315 4557 orientali,
339 4480 375 4540 et
400 4476 431 4559 vj
461 4497 547 4541 aeras
574 4496 668 4559 super
694 4475 903 4559 Langetoltes
925 4497 963 4539 ex
986 4482 1076 4559 parte
1098 4481 1190 4562 aqui·
