2940 5048
373 301 420 354 DE
446 303 540 355 Novo
565 303 802 360 nouasrmuo·

10 478 83 554 suis,
100 478 137 538 in
153 473 352 538 escambium
366 472 515 554 praedicti
531 473 676 537 redditus
692 474 921 557 praedictorum
936 496 957 538 1
973 475 1158 553 solidorum,

10 579 114 639 totam
130 590 337 636 communem
351 574 490 651 pasturae
505 590 570 633 suae
584 570 625 633 de
649 570 866 654 Schelingley,
893 574 978 635 sicut
1003 574 1057 636 die
1083 594 1159 635 con-

10 671 164 732 ieccionis
179 668 279 750 hujus
302 665 416 748 scripti
430 664 666 729 includebatur.
705 667 854 730 Habend.
871 674 905 731 et
930 671 1062 732 tenend.
1079 690 1160 752 prae-

10 767 98 830 dicto
115 767 251 830 domino
269 763 410 826 Roberto
438 767 472 823 et
495 762 666 824 heredibus
690 765 754 825 suis
780 765 926 847 quietam
941 764 982 827 de
997 766 1161 848 praedictis

10 864 130 927 abbate
146 867 182 924 et
195 864 358 924 conventu
385 862 420 920 et
443 877 555 920 corum
577 859 808 922 successoribus
831 861 867 922 in
890 868 1095 943 perpetuum,
1111 862 1160 922 ita

10 961 99 1043 quod
122 980 183 1021 nec
207 957 354 1040 praedicti
380 955 480 1018 abbas
503 957 539 1017 et
562 960 737 1018 conventus
764 976 823 1018 nec
838 977 948 1019 eornm
968 977 1160 1019 successores

10 1055 186 1139 aliquando
197 1055 254 1136 jus
268 1052 321 1116 vel
345 1052 501 1115 clamium
528 1053 563 1113 in
588 1052 742 1134 praedicta
768 1074 940 1115 commune
965 1058 1105 1136 pasturae
1119 1053 1160 1116 de

10 1151 221 1234 Schelingley
236 1151 277 1212 de
301 1154 416 1212 caetero
432 1148 561 1230 exigere
584 1152 738 1230 poterunt
760 1154 819 1211 aut
840 1150 1020 1212 vendicare.
1065 1150 1110 1211 Et
1132 1149 1160 1210 si

10 1250 182 1330 contingat
198 1245 283 1330 quod
297 1243 454 1307 animalia
468 1243 697 1326 praedictorum
720 1244 944 1328 religiosorum
969 1247 1004 1307 in
1029 1250 1161 1328 pastura

10 1344 50 1407 de
63 1342 274 1425 Schelingley
289 1362 347 1424 pro
362 1340 492 1402 defectu
506 1339 677 1402 clausturae
692 1341 887 1403 intraverint
898 1337 982 1425 (Ga),
993 1343 1161 1423 quociens·

10 1459 152 1522 cumque
174 1440 361 1521 contigerit,
383 1437 502 1520 absque
532 1436 600 1498 ulla
621 1438 769 1500 evasione
790 1443 824 1500 et
850 1439 1001 1520 parcagio
1025 1437 1161 1520 proinde

10 1537 121 1600 dando
145 1539 244 1617 atque
269 1536 337 1597 sine
362 1535 451 1597 omni
477 1534 665 1616 gravamine
689 1534 740 1596 vel
766 1535 915 1597 molestia
944 1535 1085 1617 benigne
1112 1554 1163 1595 re-

10 1632 225 1715 fugabuntur.

70 1823 195 1887 ¹Sciant
209 1827 269 1887 etc.
286 1824 371 1906 quod
385 1843 445 1906 ego
456 1823 637 1887 Willelmus
646 1824 806 1887 Masculus
815 1824 947 1887 oonsilio
957 1828 991 1887 et
999 1823 1164 1886 voluntate
1241 1827 1286 1894 viij

10 1919 171 2002 Maieryae
186 1921 292 1983 uxoris
306 1941 385 1982 meae
400 1919 474 1982 dedi
489 1925 522 1982 et
538 1920 625 1983 conc.
641 1927 675 1982 et
689 1941 778 2002 praes.
795 1926 883 1983 carta
904 1941 976 1983 mea
997 1920 1080 1982 conf.
1097 1920 1164 1981 Deo
1187 1893 1338 2025 222}stng

10 2022 44 2080 et
61 2017 101 2079 B.
121 2017 232 2080 Mariae
247 2024 281 2079 et
302 2018 465 2079 monachis
486 2017 572 2079 Novi
594 2017 683 2079 Mon.
700 2038 757 2099 pro
773 2017 875 2080 salute
898 2019 1015 2079 animae
1037 2037 1116 2078 meae
1131 2021 1166 2078 ct
1188 2029 1221 2090 by
1234 2026 1303 2075 will.

12 2113 125 2175 uxoris
149 2133 239 2188 meae,
254 2118 406 2174 antecess.
422 2118 457 2174 et
478 2113 586 2174 hered.
609 2133 754 2174 meorum
777 2118 810 2175 et
832 2133 889 2194 pro
912 2113 1020 2174 anima
1042 2111 1165 2174 domini
1188 2092 1323 2148 Marcum.

10 2210 77 2271 mei
94 2209 229 2271 Roberti
244 2208 306 2270 filii
322 2208 451 2291 Rogeri,
466 2208 501 2270 in
516 2208 661 2284 liberam,
670 2230 784 2292 puram
799 2215 833 2270 et
847 2214 1035 2292 perpetuam
1049 2209 1165 2271 elemo-

10 2307 130 2380 sinam,
145 2325 220 2366 cum
234 2325 363 2387 corpore
378 2326 449 2367 meo
464 2310 498 2367 et
513 2326 588 2366 cum
603 2326 732 2390 corpore
746 2307 852 2367 uxoris
868 2326 959 2382 meae,
970 2326 1068 2368 unam
1083 2303 1164 2390 (aio)

10 2402 216 2484 mesuagium
242 2402 277 2463 in
300 2401 379 2463 villa
405 2402 444 2465 de
469 2400 661 2484 Riplington
688 2407 722 2464 et
744 2423 764 2464 x
780 2422 867 2465 acras
892 2407 984 2466 terrae
1007 2408 1041 2465 et
1065 2423 1163 2465 unam
1187 2418 1303 2486 Riplinq-

10 2499 124 2560 rodam
147 2518 221 2560 oum
250 2499 455 2580 pertinenciis
485 2496 548 2560 suis
578 2499 612 2559 in
641 2519 755 2580 campo
783 2499 924 2581 ejusdem
950 2499 1045 2576 villae,
1071 2501 1163 2578 illud,
1183 2493 1235 2538 ⁸⁰⁸·

10 2594 147 2668 scilicet,
159 2595 358 2676 mesuagium
373 2593 459 2676 quod
474 2594 630 2657 Robertus
645 2595 685 2656 de
700 2595 731 2656 N
731 2594 864 2657 etilham
876 2597 994 2671 tenuit,
1004 2596 1164 2671 videlicet,

10 2691 224 2773 propinquius
246 2710 353 2752 versus
376 2691 534 2752 orientem
558 2711 597 2752 ex
620 2690 795 2772 aquilonali
819 2698 910 2773 parte
934 2691 1029 2769 villae,
1044 2700 1078 2755 et
1101 2700 1164 2756 tres
1256 2759 1257 2763 ,

10 2806 98 2849 acras
129 2791 223 2848 terrae
245 2790 278 2848 et
305 2786 475 2848 dimidiam
501 2786 542 2847 ad
565 2785 595 2848 le
621 2786 816 2868 Langerode,
840 2793 872 2850 et
896 2787 933 2870 iij
960 2808 1048 2851 acras
1068 2789 1166 2871 juxta

10 2877 175 2964 patariam
186 2881 429 2963 propinquiores
437 2901 544 2944 versus
553 2882 748 2963 aquilonem,
761 2887 795 2944 et
805 2881 820 2964 j
833 2903 938 2945 acram
949 2888 983 2946 et
993 2883 1165 2946 dimidiam

11 2978 51 3040 ad
81 2976 268 3053 Henneflat‚
291 2983 325 3040 et
347 2997 368 3038 v
393 2978 484 3040 rodas
515 2978 555 3039 ad
579 2977 610 3040 le
633 2978 807 3054 Garebrad‚
834 2978 902 3061 eij
932 3000 1037 3042 acram
1064 2979 1104 3042 ad
1134 2980 1165 3043 le

12 3075 203 3142 Harestane,
248 3075 389 3138 Tenend.
405 3079 438 3138 et
453 3074 589 3138 habend.
606 3074 646 3138 dc
669 3097 721 3139 me
743 3083 777 3138 et
797 3077 966 3139 heredibus
988 3078 1067 3140 meis
1090 3098 1164 3140 cum

11 3173 177 3234 communi
192 3177 322 3253 pastura
336 3176 459 3233 etcum
481 3172 629 3233 omnibus
651 3172 854 3234 libertatibus
870 3178 903 3233 et
918 3174 1102 3235 asiamentis
1124 3175 1164 3236 ad

11 3267 149 3330 eandem
172 3267 286 3329 villam
308 3268 537 3350 spectantibus,
561 3268 639 3330 adeo
661 3267 771 3342 libere,
795 3269 916 3349 quiete,
937 3273 972 3328 et
995 3268 1097 3332 solute
1123 3270 1164 3332 ab

11 3363 161 3425 omnibus
191 3364 326 3426 terrenis
355 3363 497 3425 serviciis
527 3364 611 3426 sicut
639 3362 749 3446 aliqua
778 3355 950 3426 elemosina
974 3363 1105 3427 liberius
1131 3372 1165 3429 ct

11 3461 156 3542 quiecius
171 3458 241 3521 dari
256 3464 362 3542 potest
376 3464 432 3523 aut
446 3460 609 3541 possideri,
624 3465 685 3522 etc.

1188 2166 1216 2208 at

76 3650 247 3728 Omnibus,
263 3655 323 3714 etc.
340 3650 499 3715 Robsrtus
523 3652 609 3714 filius
634 3652 764 3736 Rogeri,
780 3653 925 3717 salutem.
972 3654 1088 3719 Sciatis
1111 3677 1164 3719 me
1248 3664 1276 3714 ix

12 3767 99 3809 conc.
122 3753 158 3809 et
181 3746 305 3809 dedet
326 3747 385 3809 hac
407 3768 498 3829 praes.
522 3753 612 3810 carta
633 3769 706 3811 mea
727 3751 809 3812 conf.
826 3750 990 3813 Willelmo
1019 3752 1163 3816 Masculo
1187 3730 1311 3845 ssffind

12 3863 67 3924 pro
90 3843 245 3925 homagio
267 3847 302 3904 et
323 3843 458 3907 servicio
480 3865 536 3906 suo
557 3843 615 3906 lx²⁸
636 3844 786 3908 solidatas
807 3851 900 3909 terrae
921 3868 993 3909 cum
1016 3849 1164 3911 omnibus
1186 3862 1334 3926 Riplingcon

12 3939 221 4020 pertinenciis
236 3939 271 4000 in
286 3937 365 4000 villa
385 3939 424 4001 de
447 3938 651 4023 Riplington,
673 3941 809 4003 habend.
825 3948 859 4004 et
880 3941 1008 4004 tenend.
1025 3944 1060 4004 in
1071 3943 1163 4008 feodo
1187 3935 1214 3977 to
1225 3927 1294 3978 Wffl·

13 4041 45 4097 et
66 4035 248 4100 hereditate
274 4033 314 4096 de
337 4054 390 4096 me
416 4040 450 4097 et
472 4035 641 4098 heredibus
663 4038 743 4098 meis
765 4037 826 4098 sibi
849 4042 884 4098 et
904 4038 1072 4101 heredibus
1087 4042 1164 4118 suis,
1187 3993 1325 4121 &illidit

13 4129 120 4207 libere,
135 4131 259 4214 quiete,
274 4135 308 4192 et
331 4129 443 4206 salute,
465 4131 612 4194 iaciendo
635 4132 716 4193 mihi
740 4138 774 4194 et
798 4132 967 4195 heredibus
991 4137 1072 4198 meis
1095 4137 1163 4219 ipse
1186 4125 1338 4189 FitaRoger.

13 4227 195 4291 Willelmus
214 4231 246 4288 et
269 4226 401 4288 heredes
420 4229 470 4289 sui
493 4227 652 4290 decimam
670 4233 794 4310 partem
817 4229 944 4291 servicii
959 4229 1044 4295 feodi
1070 4235 1164 4297 unius

14 4324 126 4387 militis
157 4343 217 4406 pro
247 4322 396 4386 omnihus
426 4324 649 4387 exaccionibus
675 4330 709 4387 et
733 4344 820 4387 omn.
853 4327 1003 4390 serviciis.
1060 4329 1164 4393 Testi-

15 4418 78 4496 bus,
93 4427 158 4484 etc.
