2940 5048
456 303 504 355 DE
528 303 623 356 NOVO
649 303 885 355 Monssrnmo,

81 470 184 553 ipsius
208 470 338 534 abbatis
360 473 447 535 inter
468 472 598 535 boscum
622 494 715 535 suum
739 478 773 535 et
796 479 915 535 terram
937 472 1061 534 cultam
1086 493 1184 555 usque
1207 475 1242 535 in

82 566 244 632 Derwent
291 569 348 633 Ito
363 569 449 653 quod
464 590 525 632 neo
544 590 603 653 ego
625 591 685 633 neo
708 571 774 633 her.
801 571 865 633 mei
890 590 949 632 nee
971 570 1088 651 aliquis
1112 572 1242 632 nomine

82 684 157 726 meo
171 664 306 749 aliquod
315 666 372 748 jus
387 666 438 729 vel
453 667 606 729 olsmium
628 667 887 729 communicandi
907 686 981 728 cum
997 667 1110 728 averiis
1125 668 1243 730 nostris

82 761 118 822 in
146 763 381 843 praenominato
407 762 502 825 bosco
527 767 561 824 et
586 768 718 844 pastura
743 763 828 824 infra
853 770 956 824 metas
980 763 1178 843 praescriptas
1202 762 1242 824 de

26 873 34 889 ·
82 861 203 920 atero
218 859 346 941 exigere
361 858 413 922 vel
428 859 594 922 vendicare
609 861 806 942 poterimus3
828 859 884 920 sed
899 859 980 921 bene
1005 858 1119 920 licebit
1146 860 1241 921 dietis

82 953 159 1017 abb.
175 960 212 1016 et
225 974 318 1017 oonv.
328 954 392 1041 (st)
406 976 515 1019 eorum
533 956 763 1018 suecessoribus
782 956 877 1038 praed.
889 956 1020 1017 boscum
1035 962 1068 1017 et
1077 961 1143 1017 ten.
1156 956 1241 1018 infre

82 1051 206 1114 divisas
228 1053 475 1134 praenominstns
493 1058 645 1115 contenta
669 1053 736 1114 sine
760 1053 993 1134 impedimento
1017 1053 1083 1114 mei
1106 1052 1157 1114 vel
1173 1052 1239 1113 her.

83 1147 138 1209 vel
152 1146 292 1230 alicujus
305 1147 439 1211 alterius
453 1150 585 1211 nomine
600 1154 708 1210 nostro
724 1149 889 1211 includere
910 1154 944 1211 et
967 1148 1001 1209 in
1028 1148 1162 1229 sepernli
1185 1168 1240 1209 suo

83 1244 177 1306 omni
192 1250 339 1327 tempore
353 1245 431 1307 enni
446 1249 566 1307 tenere.
612 1245 735 1308 Tamen
751 1245 777 1305 si
794 1245 964 1326 contingat
978 1246 1085 1307 everis
1100 1265 1173 1307 mea
1189 1244 1240 1306 vel

83 1340 154 1403 her.
170 1360 269 1402 meor.
285 1340 327 1402 de
341 1346 445 1403 oestro
459 1346 567 1403 nostro
589 1342 629 1403 de
652 1340 784 1404 Prodow
807 1348 938 1423 propter
959 1341 1122 1404 defectum
1136 1341 1240 1403 elaus-
1264 1349 1381 1399 Prudhco

82 1442 169 1499 turae
183 1437 305 1499 intrare
319 1436 445 1499 dictum
459 1438 600 1521 sepemle
615 1438 734 1520 absque
750 1438 908 1520 paroagio,
923 1438 1150 1501 reohaeientur.
1199 1438 1239 1500 In
1265 1417 1351 1465 ⁰⁸⁸ssst

83 1532 190 1614 cujus,
205 1537 268 1595 ete.
312 1532 434 1596 Datum
452 1535 538 1616 apud
561 1533 690 1598 Prodou
704 1535 757 1597 die
771 1534 906 1597 Veneris
928 1554 1017 1617 prox.
1032 1540 1105 1617 post
1120 1535 1239 1597 festum
1264 1560 1314 1596 sn.
1330 1550 1401 1607 1317,

84 1627 118 1692 S.
136 1628 310 1705 Ambrosii,
325 1630 419 1692 Anno
434 1638 481 1692 m⁰
496 1638 589 1693 ceomo
602 1631 692 1713 xvij0.
1264 1614 1325 1676 Apr.
1340 1616 1363 1664 ⁸·

153 1820 262 1904 (sss)
285 1821 462 1901 Universis‚
478 1828 539 1886 etc.
570 1824 647 1887 Joh.
663 1823 747 1886 filius
762 1824 886 1886 domini
904 1823 1034 1886 Ricardi
1053 1824 1093 1885 de
1109 1823 1238 1887 Horseli
1305 1829 1372 1895 x'''j·

81 1918 215 1997 militis,
238 1919 388 1982 domiuus
417 1918 459 1981 de
481 1918 676 1998 Greuoroke‚
704 1920 850 1982 salutem.
895 1919 977 1983 Nov.
1009 1940 1060 1981 me
1084 1919 1238 1982 relaxasse
1263 1896 1403 2012 Ssuffljim

82 2016 244 2079 remisisse
267 2021 303 2078 et
326 2016 457 2079 omnino
487 2036 544 2098 pro
567 2038 620 2079 me
644 2022 679 2079 et
700 2018 768 2080 her.
793 2036 836 2080 m.
864 2019 964 2100 quiet.
991 2016 1086 2078 clam.
1109 2015 1238 2078 domino
1263 2029 1398 2093 mon-right

82 2111 228 2176 Johsnni
243 2112 315 2177 abb.
330 2112 417 2175 Novi
432 2112 521 2176 Mon.
538 2120 573 2175 et
588 2112 732 2197 ejusdem
755 2113 817 2176 loci
841 2114 1013 2176 conventui
1035 2119 1070 2174 et
1090 2132 1151 2175 eor.
1169 2132 1238 2173 suo·
1263 2094 1382 2225 ξθξὴζξ·

83 2208 262 2273 oemoribus
283 2213 392 2271 totum
408 2208 463 2292 jus
488 2213 523 2272 et
544 2208 698 2272 olamium
722 2210 980 2272 communicandi
996 2209 1081 2291 quod
1096 2228 1237 2290 unquam
1262 2226 1329 2275 John
1341 2226 1373 2275 do

82 2304 187 2369 habui
212 2305 265 2369 vel
289 2304 397 2389 aliquo
420 2306 516 2368 modo
542 2305 658 2369 habere
685 2308 776 2390 potui
804 2308 838 2368 in
862 2306 956 2368 bosoo
982 2312 1015 2368 et
1042 2310 1171 2386 pastura
1197 2306 1237 2368 de
1263 2291 1393 2358 Homeley.

82 2399 271 2484 Oheppwell
285 2401 370 2463 infra
384 2402 442 2463 bos
457 2402 584 2479 divisas,
599 2423 637 2465 ex
662 2408 753 2484 parte
775 2402 923 2465 orientali
943 2402 1084 2485 seilicet,
1101 2402 1191 2464 sicud
1206 2403 1236 2464 le

83 2496 306 2560 Estootlesehe
320 2498 409 2561 eadit
432 2518 527 2580 super
550 2497 581 2559 le
597 2496 765 2575 Stokstall,
781 2504 815 2561 et
837 2498 878 2559 de
894 2497 925 2560 le
941 2496 1116 2561 Stockstall
1131 2519 1236 2560 versus

82 2593 241 2655 borislem
254 2614 354 2676 usque
369 2593 409 2656 sd
425 2592 582 2656 borislem
596 2598 724 2676 portem
739 2594 780 2656 de
792 2593 1017 2675 Stieeleydike‚
1028 2600 1062 2655 et
1077 2595 1117 2656 de
1134 2592 1237 2656 Stioe-

83 2688 215 2773 leydike
230 2709 287 2771 per
300 2688 469 2772 Heddeley
480 2691 540 2751 nui
551 2710 650 2772 usque
665 2709 705 2752 en
720 2689 752 2752 le
768 2689 951 2771 Spenstrete
962 2710 1061 2772 usque
1072 2692 1106 2751 in
1119 2690 1237 2752 vadum

82 2785 125 2849 de
139 2785 262 2868 Lynce,
276 2792 311 2848 et
333 2787 379 2848 sio
402 2786 443 2849 de
466 2784 644 2848 Milkewell
667 2806 724 2868 per
739 2786 939 2848 occidentem
959 2786 1119 2867 usquead
1141 2786 1236 2849 illum

82 2881 192 2945 losum
205 2882 261 2945 ubi
276 2880 521 2945 Milkewelburn
538 2882 626 2945 ondit
642 2883 674 2944 in
698 2882 858 2958 Derwent,
874 2884 968 2944 etsie
983 2902 1039 2964 por
1054 2881 1235 2945 Milkewel-

81 2980 164 3043 burn
181 3000 280 3062 usque
293 2979 335 3042 sd
358 2980 481 3042 fontem
507 2980 563 3062 qui
586 2986 718 3041 vocatur
733 2977 928 3055 ‘MilkewelL
953 2986 986 3041 et
1001 2982 1047 3042 sie
1062 2981 1101 3043 de
1116 2979 1235 3042 Milke-

80 3074 155 3139 well
171 3096 229 3158 per
250 3074 282 3137 le
304 3074 465 3137 Rouensid
488 3073 564 3138 dike
577 3095 686 3137 versus
709 3074 864 3137 boriolem
887 3096 986 3158 usque
1008 3076 1049 3138 ad
1064 3077 1150 3137 viam
1165 3097 1236 3158 quae

81 3177 217 3235 voostm
227 3170 394 3254 Heddeley
405 3173 476 3249 nai,
485 3172 574 3234 etsie
583 3172 624 3233 de
633 3171 791 3233 Heddelei
806 3172 865 3233 nsi
877 3192 934 3254 per
943 3171 974 3233 le
983 3171 1145 3234 Rauensid
1157 3172 1234 3234 dike

81 3288 190 3331 versus
200 3269 358 3331 orientem
366 3287 466 3351 usque
480 3268 521 3331 ad
544 3273 671 3351 portem
691 3288 761 3350 quae
779 3273 910 3329 vocatur
923 3267 1055 3329 Prodow
1067 3269 1124 3342 iet,
1140 3272 1174 3329 et
1189 3270 1234 3329 sic
1259 3286 1376 3337 Pmuhoo

80 3364 122 3428 de
130 3364 266 3427 Prodow
280 3365 329 3427 iet
339 3385 396 3448 per
409 3366 580 3448 antiquum
591 3364 745 3427 fossatum
757 3366 842 3425 circa
856 3364 887 3425 le
908 3362 1124 3426 Tunesteddes
1136 3384 1234 3445 usque
1259 3360 1325 3416 W·

80 3463 122 3526 ad
132 3462 165 3527 le
174 3462 273 3525 Eseot
280 3461 321 3525 de
331 3460 524 3545 Cheppwell.
549 3462 601 3524 lu
610 3461 695 3544 quod
704 3482 763 3523 nee
776 3482 835 3544 ego
844 3481 903 3523 nee
913 3461 980 3522 her.
993 3481 1036 3522 m.
1048 3480 1108 3522 neo
1116 3460 1234 3543 aliquis

81 3558 213 3621 nomine
227 3562 336 3620 nostro
351 3556 482 3640 aliquod
497 3557 553 3641 jus
568 3557 618 3620 vel
633 3557 726 3620 elam
743 3557 1000 3620 communicandi
1022 3577 1098 3619 cum
1120 3559 1233 3620 averiis

80 3656 160 3717 meis
174 3655 210 3716 in
224 3652 324 3737 praed.
339 3653 434 3716 boseo
449 3658 483 3715 et
497 3658 629 3737 pastura
644 3654 727 3715 infra
742 3654 839 3736 praed.
855 3658 957 3715 metas
972 3654 1012 3716 de
1027 3659 1141 3717 eaetero
1157 3675 1233 3716 ven·

80 3751 188 3814 diosre
202 3750 379 3833 poterimus
394 3750 428 3811 in
443 3754 636 3832 perpetuum
656 3756 718 3812 eto.
764 3748 839 3811 Dat.
864 3749 950 3831 apud
974 3748 1158 3832 Cheppwell
1179 3751 1231 3812 die
1256 3782 1307 3817 nn.
1322 3772 1394 3827 1313,

82 3846 193 3911 Sancti
202 3844 374 3911 cuthberti
388 3846 424 3907 in
440 3845 563 3908 Marcio
576 3865 659 3907 anno
671 3844 804 3907 Domini
819 3845 870 3907 Μο
885 3851 977 3907 ooomo
994 3845 1229 3908 terciodecimo.
1256 3834 1320 3884 Mar.
1333 3838 1373 3885 ²⁰·

145 4038 288 4119 tQuaere
303 4043 390 4101 retro
405 4038 438 4099 in
455 4037 533 4100 folio
548 4037 742 4121 praeeedenti
756 4037 798 4099 ad
814 4059 942 4100 crucem
961 4037 1009 4121 (p.
1025 4040 1094 4119 49).
1307 4058 1353 4099 η·

143 4232 322 4309 Πηίνεῐείε,
336 4236 398 4294 eto.
422 4231 581 4295 Robertus
604 4232 643 4294 de
665 4231 776 4293 Neuill
798 4231 946 4294 dominus
963 4232 1004 4293 de
1027 4231 1129 4313 Baby,
1145 4233 1229 4295 salu·
1303 4243 1356 4309 xvj·

78 4338 153 4395 tem.
199 4328 341 4392 Noverit
354 4328 543 4391 universitas
564 4332 667 4389 vestre
690 4348 742 4390 me.
764 4327 835 4389 ded.
852 4347 941 4389 conc.
958 4332 992 4389 et
1006 4328 1066 4389 huo
1092 4348 1123 4410 p.
1140 4350 1167 4390 e.
1184 4350 1227 4392 m.
1254 4310 1376 4425 mn&

79 4426 246 4492 contuso
260 4428 299 4489 et
312 4424 351 4487 Β.
366 4424 414 4488 Μ.
430 4425 516 4489 Novi
538 4424 627 4487 Mon.
644 4430 678 4486 et
701 4444 764 4486 mo.
780 4425 901 4486 ibidem
925 4424 995 4487 Deo
1019 4426 1228 4488 servientibus
1253 4457 1353 4492 sareon

633 4538 679 4581 ss
