2940 5048
423 298 469 350 11
493 297 589 351 novo
614 299 848 352 1111111111.
1338 278 1382 347 15

117 461 292 542 Omnibus,
309 469 375 531 ete.
405 467 551 552 Rogems
577 468 618 532 de
643 468 773 548 Merlai,
790 469 937 535 salutem.
971 469 1109 532 Noverit
1134 468 1208 529 uni·
1232 476 1346 527 11113.
1383 460 1384 463 ’

56 563 185 625 versitas
208 568 325 627 vestra
348 585 401 628 me
424 566 497 629 ded.
529 586 620 631 cono.
648 572 682 630 et
705 568 766 629 hac
793 587 883 650 praes.
911 570 1000 629 carta
1026 586 1099 628 mea
1123 563 1206 626 oonf.
1232 543 1360 671 ἓζξξζζ

56 659 218 721 monachis
232 659 276 722 de
291 660 386 723 Novo
400 661 502 736 Mon„
517 661 585 726 Deo
601 668 636 726 et
651 663 689 725 Β.
705 663 754 726 Μ.
770 663 894 725 ibidem
910 662 1133 735 servientibus,
1148 680 1206 742 pro
1233 676 1340 740 uerlay,
1357 672 1387 722 of

57 752 157 816 mlute
179 754 302 819 animae
324 776 405 821 meae
425 763 460 821 et
481 778 539 841 pro
561 760 730 822 animabus
753 759 855 841 patris
882 764 916 821 et
939 760 1052 820 matris
1078 757 1156 834 mei,
1172 760 1207 818 et

56 850 134 914 Adae
147 854 366 931 1111111111,
381 859 416 916 et
430 854 594 937 Ranulphi
602 855 663 918 filii
673 857 749 932 mei,
764 862 798 918 et
809 856 956 918 omnium
971 860 1207 917 anteoessorum

56 967 203 1010 meorum
217 953 254 1010 et
268 949 435 1029 heredum,
449 953 601 1034 piscarias
616 972 703 1014 meas
718 952 758 1015 de
776 952 900 1014 Benton
911 953 946 1014 in
959 952 1059 1034 Tyna,
1072 951 1208 1026 seilicet,
1232 940 1385 1060 {ww

57 1043 179 1106 Hames
193 1045 292 1126 yhare
307 1052 341 1108 et
356 1046 558 1110 Bumemuth
575 1068 650 1131 yare
673 1049 714 1111 ad
738 1048 921 1112 faciendum
944 1049 1104 1130 pitancias
1127 1067 1208 1129 prae-
1328 1045 1335 1061 '

57 1140 156 1203 dietis
177 1143 343 1204 monachis
368 1145 404 1205 in
428 1137 653 1207 anniversariis
675 1145 776 1227 patris
806 1150 840 1206 et
866 1145 979 1206 matris
1008 1164 1100 1220 meae,
1130 1144 1209 1205 Adae

57 1238 166 1299 uxoris
180 1256 273 1313 meae,
289 1244 324 1301 et
338 1238 505 1322 Ranulphi
520 1241 584 1303 filii
598 1243 675 1315 mei,
690 1241 775 1303 etin
796 1240 1016 1303 anniversaiio
1039 1260 1111 1303 meo
1133 1259 1209 1300 eum

57 1332 127 1395 Deo
155 1333 285 1397 volente
307 1337 494 1418 contigerit.
539 1337 729 1399 Tenendum
759 1343 793 1399 et
823 1337 1008 1400 habendum
1032 1337 1072 1399 de
1096 1357 1149 1398 me
1175 1342 1208 1399 et

56 1428 242 1493 heredibus
263 1431 354 1505 meis,
370 1430 481 1507 libere,
495 1433 618 1515 quiete,
634 1437 669 1495 et
694 1432 879 1508 honorifice,
906 1433 948 1494 ab
972 1432 1122 1494 omnibus
1145 1452 1209 1493 ser·

57 1527 165 1605 violis,
195 1527 481 1591 consuetudinibus
510 1536 545 1592 et
574 1530 809 1605 macionibus,¹
846 1551 921 1593 oum
958 1530 1108 1592 omnibus
1137 1547 1210 1611 per-

58 1623 213 1686 tinenciis
227 1625 293 1685 suis
307 1628 342 1685 et
356 1623 564 1688 libertatibus
579 1631 614 1688 et
628 1626 815 1689 asiamentis
826 1626 868 1688 nd
878 1626 1048 1709 praedietas
1057 1626 1210 1708 piscarias

58 1720 310 1803 pertinentibus,
340 1721 446 1783 eundo
468 1726 503 1784 et
518 1721 681 1785 redeundo
697 1723 766 1784 sine
781 1721 891 1804 aliquo
907 1723 1128 1804 inpedimento
1143 1722 1210 1783 mei

59 1815 111 1878 vel
135 1837 283 1879 meorum
312 1818 493 1895 hominum,
517 1819 552 1880 in
578 1838 691 1901 puram
721 1823 754 1881 et
778 1823 969 1901 perpetuam
999 1817 1209 1880 elemosinam

59 1912 152 1975 sicud
168 1912 278 1995 aliqua
292 1912 468 1976 elemosina
483 1918 601 1978 sanetae
616 1914 758 1977 eoelesiae
773 1915 890 1977 melius
905 1920 939 1976 et
954 1914 1089 1977 liberius
1103 1918 1212 1995 potest

57 2009 131 2072 dari
147 2009 199 2071 vel
214 2009 380 2091 possideri.
426 2010 471 2072 Et
485 2030 545 2093 ego
561 2015 595 2073 et
610 2010 741 2073 heredes
756 2012 822 2073 mei
837 2011 906 2073 haeo
922 2010 1032 2072 omnia
1055 2010 1210 2092 praedicta

59 2109 175 2168 contra
190 2125 301 2168 omnes
315 2105 462 2168 homines
476 2126 562 2184 wan,
576 2111 639 2169 eto.

128 2296 238 2360 Abbas
260 2301 295 2359 et
316 2303 494 2360 conventus
516 2299 708 2361 confirmant
730 2320 804 2360 eum
823 2299 931 2381 sigillo
946 2298 1033 2380 quod
1049 2297 1213 2380 praedietae
1237 2312 1376 2389 ’11111111-

59 2395 210 2479 piseariae
225 2394 259 2456 in
276 2414 352 2456 usus
372 2399 549 2457 conventus
570 2396 803 2478 expendantur,
818 2416 878 2458 111
896 2396 937 2458 ad
958 2395 1087 2457 firmam
1099 2395 1213 2456 dimit·
1237 2386 1378 2495 pappam

60 2489 716 2578 11111111,11111111111111111(111111)
731 2492 808 2553 inde
824 2512 856 2553 se
872 2492 1107 2568 intromittant,
1127 2491 1213 2553 salvo
1256 2462 1270 2495 θ
1292 2461 1305 2494 ⁰
1320 2482 1326 2496 '

61 2594 177 2650 tamen
186 2586 261 2669 jure
271 2587 394 2669 judicis
409 2589 522 2651 nostri.
565 2588 659 2650 Idem
671 2587 780 2670 sigillo
789 2593 898 2650 nostro
914 2587 1095 2671 sigillatum
1111 2587 1162 2648 1111
1178 2588 1213 2649 in

61 2683 294 2747 testimonium
308 2682 523 2746 tradiderunt.

130 2872 206 2958 (71)
230 2872 399 2952 Omnibus,
413 2878 475 2937 eto.
501 2875 647 2958 Rogerus
666 2875 706 2937 de
733 2874 850 2938 Merlai
876 2875 1042 2952 secundus,
1063 2875 1213 2938 salutem.
1298 2875 1327 2942 iij

63 2970 185 3034 Sciatis
200 2990 253 3033 me
268 2970 405 3033 oonsilio
416 2977 450 3033 et
459 2969 626 3033 voluntate
634 2972 812 3033 amicorum
823 2992 970 3033 meorum
986 2975 1020 3033 et
1035 2972 1215 3048 hominum,
1240 2944 1390 3074 3323?

63 3087 123 3150 pro
138 3066 244 3129 salute
266 3066 384 3128 animae
405 3086 486 3129 meae
501 3071 535 3129 et
550 3066 656 3128 uxoris
670 3086 751 3129 meae
766 3072 800 3128 et
816 3069 962 3129 omnium
977 3071 1215 3129 antecessorum
1240 3077 1310 3141 Tyne
1321 3077 1356 3138 by

64 3182 214 3224 meorum
243 3167 278 3224 et
302 3161 466 3237 heredum,
492 3162 564 3224 ded.
591 3167 626 3224 et
651 3162 713 3224 hae
742 3182 834 3245 praes.
861 3167 951 3224 earta
975 3163 1060 3224 conf.
1088 3162 1156 3225 Deo
1182 3168 1216 3224 et
1240 3140 1371 3205 &⁸⁸¹st

64 3258 233 3320 monachis
247 3256 281 3320 S.
298 3256 413 3321 Mariae
430 3256 516 3320 Novi
536 3258 640 3334 Mon,
654 3278 752 3321 unam
779 3260 950 3340 piscariam
977 3258 1013 3318 in
1037 3259 1122 3318 Tina
1145 3278 1216 3339 quae

65 3358 200 3417 vocatur
212 3353 435 3435 Hungeryere‚
447 3355 482 3415 in
494 3374 608 3436 puram
623 3359 657 3416 et
671 3359 860 3438 perpetuam
876 3353 1096 3430 elemosinam,
1106 3355 1218 3414 tenen·

65 3453 142 3515 dam
157 3455 193 3512 et
208 3448 389 3512 habendam
404 3453 439 3511 et
452 3450 618 3526 utendam,
629 3450 718 3512 sieud
733 3451 781 3513 eis
795 3451 913 3512 melius
924 3449 1094 3531 placuerit,
1104 3447 1217 3522 libere,

65 3547 189 3632 quiete,
204 3548 239 3608 et
250 3543 434 3625 honorifice,
450 3547 540 3609 sieud
555 3545 664 3628 aliqua
679 3545 852 3609 elemosina
868 3546 1000 3608 liberius
1023 3550 1057 3606 et
1072 3545 1218 3627 quieeius

67 3644 120 3708 vel
134 3641 402 3706 honorificenoius
416 3643 520 3704 teneri
535 3647 641 3724 potest
656 3643 691 3703 in
706 3647 912 3724 perpetuum.
958 3641 1120 3705 Testibus.

135 3835 257 3899 Sciatis
272 3833 359 3917 quod
421 3855 440 3896 o
465 3834 630 3913 Ricapdus,
652 3834 785 3915 (11111111
809 3835 850 3897 ad
873 3835 1071 3916 peticionem
1094 3832 1218 3894 domini
1285 3905 1290 3917 ¹
1308 3840 1335 3890 iv

69 3855 687 4017 lfflQMjQff-ssvu-ubulimei
711 3932 787 3994 dedi
810 3938 846 3994 et
869 3952 958 3994 cono.
983 3935 1017 3992 et
1040 3930 1102 3990 hae
1126 3949 1218 4010 praes.
1243 3907 1393 4036 gbldmby

70 4035 158 4091 carta
171 4028 259 4091 conf.
275 4027 344 4089 Deo
359 4030 393 4089 11
408 4026 448 4089 Β.
464 4026 589 4103 Mariae,
605 4031 640 4089 et
654 4028 819 4091 monachis
836 4028 875 4089 de
897 4027 989 4089 Novo
1011 4025 1219 4096 Monasterio,
1244 4038 1352 4115 sichard

71 4146 126 4209 pro
149 4125 256 4188 salute
285 4123 402 4185 animae
425 4143 506 4186 meae
530 4127 563 4184 et
587 4143 645 4205 pro
668 4124 773 4186 salute
797 4125 898 4206 ipsius
923 4124 1041 4186 animae
1061 4120 1220 4184 Willelmi
1244 4105 1352 4154 Gubmn.

71 4221 221 4286 avunculi
236 4219 315 4294 mei,
327 4223 361 4281 et
375 4238 433 4301 pro
449 4217 551 4281 salute
566 4220 683 4282 anima
697 4239 764 4282 avae
779 4240 859 4282 meae
874 4218 1022 4283 Dominae
1044 4217 1157 4283 Alieiae
1179 4217 1220 4278 de

70 4318 215 4409 Qutebil
243 4320 280 4379 et
300 4315 415 4376 matris
435 4335 516 4377 meae
534 4315 673 4396 Agnetis
692 4298 733 4377 de
757 4314 883 4398 Merlay
898 4321 932 4378 et
957 4316 1105 4379 omnium
1128 4318 1221 4377 ante·
1247 4334 1391 4400 &suatava

73 4396 283 4479 cessar-umet
299 4431 513 4474 suceessorum
528 4402 684 4487 meorum,
700 4411 864 4474 redditum
874 4433 915 4473 xx
927 4412 1101 4475 solidorum
1117 4412 1221 4493 perci·
