2940 5048
700 294 976 353 cnsawaanmrr

258 464 385 549 integre
399 465 498 529 fuerit
512 465 722 549 persolutum.
767 468 813 531 Et
826 471 866 531 ut
879 467 961 531 dicti
975 465 1073 530 abbas
1087 468 1124 529 et
1136 462 1292 527 monachi
1308 464 1409 527 omni·

258 563 362 625 modis
377 564 443 625 sint
465 564 655 645 indempnes
676 564 787 626 inveni
802 563 921 626 eisdem
938 563 996 627 hos
1017 562 1154 646 plegios,
1171 560 1310 637 scilicet,
1323 560 1357 623 J.
1370 561 1408 625 de

258 657 419 721 Midelton
445 664 481 722 et
506 659 595 722 alios.
640 658 785 733 Quorum
814 660 954 741 quilibet
982 663 1114 722 tenetur
1138 658 1178 719 iu
1204 655 1345 720 solidum
1369 656 1408 719 ad

257 753 451 816 solucionem
478 756 581 817 tocius
607 755 755 837 praedicti
780 754 886 818 debit-i
911 755 939 817 si
964 754 1022 817 alii
1049 754 1173 818 mortui
1198 752 1334 829 iruerint,
1356 751 1407 815 vel

259 849 367 932 aliquo
382 871 458 912 casu
472 851 605 914 reddere
619 871 684 913 non
698 851 875 933 potuerint,
890 851 942 913 vel
961 852 989 913 si
1003 850 1114 933 aliquo
1125 848 1225 913 modo
1234 848 1405 911 secuudmn

258 946 345 1027 quod
374 945 498 1009 dictum
522 951 571 1009 est
594 946 757 1009 redditum
782 966 847 1009 non
872 946 983 1010 fuerit.
1027 947 1074 1010 Et
1094 944 1138 1008 sd
1160 945 1263 1007 istam
1288 942 1405 1027 obligu-

258 1042 383 1103 cionem
399 1042 571 1104 tenendam
587 1041 737 1119 fideliter,
749 1047 783 1105 et
797 1042 832 1103 in
846 1042 943 1125 hujus
957 1042 1005 1104 rei
1019 1042 1258 1119 testimonium,
1272 1058 1405 1123 praesens

259 1137 416 1219 scriptum
439 1138 546 1220 sigillo
568 1158 641 1201 meo
666 1138 849 1201 roboratum
873 1143 908 1201 et
931 1140 1063 1220 insuper
1087 1136 1210 1221 sigillis
1234 1136 1406 1220 praenomi-

259 1238 409 1295 natorum
423 1234 602 1316 plegiorum
617 1234 782 1297 munitum
797 1234 961 1317 praedictis
975 1233 1047 1297 abb.
1063 1238 1128 1297 cto.

135 1428 183 1494 vij·
327 1425 439 1489 Sciant
460 1431 630 1508 praeseutes
652 1426 738 1509 quod
759 1446 820 1509 ego
835 1424 1020 1488 Willelmus
1034 1424 1076 1489 de
1091 1425 1314 1509 Heppcscotes
1334 1424 1404 1487 ded.
1462 1382 1465 1387 -

85 1496 207 1611 ffiffi'f
260 1542 347 1583 conc.
363 1528 396 1583 et
418 1522 450 1584 h.
466 1543 498 1603 p.
513 1542 541 1585 c.
556 1522 640 1585 conf.
656 1522 725 1585 Deo
747 1526 782 1584 et
806 1522 845 1584 Β.
860 1521 909 1584 Μ.
924 1526 958 1585 et
979 1542 1043 1585 mo.
1070 1522 1106 1584 in
1128 1541 1206 1584 risus
1227 1541 1404 1605 pauperum

86 1627 216 1685 16111161,
260 1616 379 1680 Christi
400 1618 442 1679 ad
464 1623 589 1700 portam
611 1618 780 1680 dimidiam
803 1638 910 1679 acuam
925 1622 959 1680 et
973 1617 1142 1680 dimidiam
1163 1616 1280 1679 rodum
1299 1622 1335 1680 et
1348 1614 1401 1698 viij

85 1693 236 1755 bywill.de

85 1757 220 1823 nomm
259 1713 432 1796 perticatas
454 1718 546 1775 terras
568 1733 649 1775 meae
671 1734 745 1774 cum
768 1713 974 1795 pertinenciis
993 1713 1028 1774 in
1042 1712 1123 1775 villa
1136 1712 1179 1776 de
1193 1711 1353 1788 Lithdon,
1366 1730 1405 1774 ex

259 1809 393 1872 australi
416 1814 507 1891 parte
529 1808 672 1891 capella,
691 1808 826 1884 scilicet,
850 1829 869 1871 a
889 1810 973 1871 tofto
994 1809 1134 1873 dominae
1155 1808 1198 1872 de
1220 1806 1405 1873 Scortflattc

259 1906 457 1968 ascendendo
468 1926 577 1968 versus
586 1905 744 1967 orientem
753 1905 880 1986 integre
890 1925 990 1986 usque
1000 1906 1034 1966 in
1043 1924 1167 1967 moram
1178 1904 1296 1967 subtus
1304 1904 1405 1967 Gren-

259 2002 396 2079 lithdon‚
420 2022 478 2084 pro
504 2001 607 2063 salute
637 2001 754 2063 animae
782 2020 874 2078 meae,
898 2001 1005 2062 uxoris
1031 2020 1123 2078 meae,
1147 1998 1303 2063 avrmculi
1331 1996 1404 2062 mei.

259 2099 339 2161 Ten.
354 2103 387 2160 et
408 2097 483 2160 hab.
498 2098 534 2159 in
555 2097 612 2160 lib.
628 2118 700 2179 pur.
715 2096 755 2158 el.
771 2115 847 2157 cum
869 2116 955 2158 omn.
970 2097 1081 2159 asiam.
1095 2100 1132 2159 et
1146 2094 1204 2159 lib.
1218 2093 1406 2158 introitibus

259 2201 293 2256 et
307 2194 457 2268 exitibus,
478 2192 589 2270 libere,
610 2191 795 2270 honorilice,
811 2190 928 2270 solute,
942 2192 1068 2274 integre
1083 2196 1117 2254 et
1132 2192 1244 2274 quiete
1258 2191 1303 2254 ab
1317 2208 1403 2253 omn.

259 2309 351 2366 serv„
362 2309 461 2364 erac„
472 2294 507 2351 et
516 2288 684 2350 demanda.
718 2289 763 2350 Et
772 2288 870 2370 praed.
879 2308 944 2349 mo.
954 2288 1052 2369 praed.
1064 2289 1184 2349 terram
1196 2285 1406 2351 edificabunt

258 2390 292 2447 et
308 2385 460 2447 claudent
474 2390 509 2447 et
522 2390 629 2447 totum
647 2384 736 2448 aliud
754 2385 932 2467 proficuum
955 2404 1050 2446 suum
1071 2384 1149 2446 inde
1171 2383 1295 2447 facient
1316 2380 1406 2446 sicud

259 2481 304 2542 eis
327 2480 493 2561 placuerit.
538 2481 610 2563 Ego
632 2487 742 2542 autem
765 2486 801 2543 61
822 2482 889 2542 her.
904 2499 949 2543 m.
964 2479 1053 2562 praef.
1068 2500 1133 2542 mo.
1150 2484 1184 2542 et
1200 2480 1267 2543 suis
1289 2480 1405 2561 assigu.

259 2575 357 2658 praed.
372 2579 490 2636 terram
506 2596 580 2637 cum
595 2577 714 2658 pertin.
730 2581 769 2638 ut
782 2575 919 2639 liberam
933 2581 968 2638 et
983 2595 1097 2658 puram
1113 2575 1155 2639 61.
1170 2580 1284 2640 contra
1297 2594 1406 2639 omnes

260 2671 405 2732 homines
420 2690 493 2733 war.
537 2671 696 2734 Testibus.

327 2862 399 2924 Hoc
420 2865 468 2924 est
491 2862 585 2926 finale
608 2864 803 2928 escambium
825 2866 948 2928 factum
971 2865 1056 2928 inter
1076 2885 1141 2928 mo.
1156 2864 1243 2929 Novi
1265 2864 1358 2930 Mon.
1372 2869 1408 2930 et

261 2956 463 3019 Willelmum
485 2958 524 3020 de
546 2959 743 3042 Heppscotes
766 2962 800 3022 in
822 2960 900 3023 villa
921 2959 962 3023 de
985 2961 1138 3037 Lithdon,
1160 2960 1298 3037 scilicet,
1321 2963 1407 3044 quod

103 3031 127 3061 ιη
157 3031 181 3126 ’,ῃ
262 3053 341 3114 dieti
363 3054 511 3115 monachi
534 3055 690 3117 dederunt
713 3057 865 3137 praedicto
879 3056 1045 3118 Willelmo
1069 3061 1135 3119 tres
1163 3076 1253 3119 acras
1283 3064 1320 3120 et
1340 3064 1406 3120 tres

262 3151 351 3211 rodas
367 3151 406 3211 de
422 3154 508 3211 terra
530 3150 642 3212 arabili
658 3156 691 3211 et
706 3157 810 3232 prato,
826 3171 900 3212 cum
922 3151 1143 3233 pertinenciis,
1159 3152 1194 3213 in
1212 3150 1345 3215 cultura
1366 3172 1407 3215 ex

84 3226 100 3257 ⁸
133 3227 170 3260 ’θ’
261 3246 393 3307 australi
408 3252 500 3327 parte
515 3246 645 3327 capellae
659 3247 699 3307 dc
715 3246 866 3320 Lithdon,
878 3254 944 3308 ten.
960 3251 993 3309 et
1008 3245 1081 3309 hab.
1097 3247 1195 3329 praed.
1210 3267 1275 3311 mo.
1292 3253 1328 3311 ct
1342 3248 1408 3311 suis

261 3344 377 3424 assign.
392 3343 432 3403 de
447 3343 544 3423 praed.
560 3342 724 3403 Willclmo
735 3346 769 3403 et
784 3343 849 3404 her.
866 3364 890 3404 s.
909 3342 944 3403 in
959 3341 1015 3404 lib.
1031 3363 1102 3423 pur.
1117 3347 1152 3404 et
1166 3364 1257 3426 perp.
1271 3343 1316 3408 el.
1331 3364 1407 3408 cum

260 3439 482 3499 communibus
497 3439 681 3499 usiamentis
702 3443 736 3498 et
751 3438 857 3499 liberis
878 3439 1062 3500 introitibus
1077 3443 1111 3500 et
1125 3439 1279 3515 exitibus,
1295 3440 1407 3517 libere,

259 3532 442 3607 honorifice,
457 3535 581 3613 integre
596 3540 628 3593 et
645 3533 752 3613 quiete
775 3533 816 3594 ab
838 3534 925 3595 omni
948 3554 1027 3596 6611.
1043 3554 1127 3597 cons.
1150 3554 1256 3598 exacc.
1271 3542 1308 3599 et
1320 3535 1407 3601 dem.

260 3630 304 3689 llt
320 3629 416 3710 [racd.
432 3648 495 3688 ruo.
511 3627 607 3707 praed.
624 3632 741 3688 terram
758 3628 963 3690 aedificabunt
977 3635 1013 3691 et
1035 3628 1187 3692 claudent
1202 3632 1229 3692 si
1244 3629 1409 3695 voluerint

260 3732 292 3786 et
309 3730 416 3786 totum
435 3724 612 3804 proficuum
628 3742 721 3783 suum
737 3723 811 3783 inde
827 3724 958 3786 facient.
1003 3725 1048 3786 Et
1062 3726 1160 3807 praed.
1172 3726 1359 3790 Willelmus
1372 3732 1408 3790 et

259 3821 325 3882 her.
349 3820 395 3880 sui
420 3818 561 3899 praefatis
579 3837 643 3878 mo.
669 3824 702 3879 et
726 3819 790 3879 suis
813 3819 929 3899 assign.
946 3823 1049 3881 totam
1072 3821 1262 3902 praedictam
1284 3828 1408 3886 terram

259 3938 333 3977 cum
349 3914 553 3996 pertinenciis
568 3918 606 3973 ut
620 3912 677 3974 lib.
689 3918 723 3975 et
738 3934 808 3995 pru.
824 3914 864 3976 el.
875 3935 947 3976 war.
960 3935 1030 3997 acq.
1042 3919 1076 3978 et
1092 3916 1154 3979 def.
1166 3922 1280 3981 contra
1293 3938 1408 3982 omnes
1446 3960 1453 3971 ·

259 4017 370 4092 gentes
382 4012 415 4070 in
431 4014 633 4092 perpetuum.
664 4009 709 4070 Et
717 4010 882 4071 sciendum
894 4011 979 4090 quod
994 4012 1166 4092 praedictus
1174 4011 1361 4077 Willelmus
1371 4019 1408 4077 et

259 4108 389 4168 heredes
405 4107 453 4167 sui
470 4105 624 4168 tenebmrt
634 4105 801 4186 pradictus
812 4105 846 4188 iij
865 4126 952 4167 acras
967 4111 1001 4168 et
1016 4112 1081 4169 tres
1095 4108 1186 4170 rodas
1198 4106 1296 4193 (466)
1311 4114 1408 4173 terrae

259 4202 299 4262 de
325 4223 388 4263 mo.
410 4201 494 4262 Nori
511 4201 599 4263 Mon.
622 4201 721 4263 libere
743 4201 870 4283 integre
896 4207 930 4262 et
956 4201 1129 4264 honorifice
1151 4202 1299 4267 faciendo
1329 4204 1407 4268 inde

258 4299 426 4357 serviciiun
451 4297 579 4358 domino
596 4319 651 4359 suo
667 4297 752 4378 quod
774 4298 878 4359 facere
901 4297 1044 4359 solebant
1059 4319 1117 4380 pro
1132 4297 1205 4361 aliis
1220 4298 1256 4382 iij
1274 4302 1358 4363 acris
1371 4306 1408 4364 et

257 4391 359 4453 tribus
390 4392 483 4468 rodis,
507 4397 540 4453 61
564 4394 697 4456 reddent
727 4392 893 4455 annuatim
914 4392 928 4474 j
954 4394 1120 4459 denarium
1149 4396 1250 4480 praed.
1274 4417 1341 4462 mo.
1363 4398 1407 4461 ad
