2940 5048
422 342 470 394 DE
494 341 589 395 NOVO
614 340 849 394 Monnsnnuw.

49 516 120 579 haeo
135 512 273 576 donacio
284 516 319 574 et
333 512 494 574 concessio
508 529 580 572 mea
596 509 688 572 firma
702 516 736 572 et
751 508 877 572 stabilis
892 509 938 571 sit
952 510 1203 590 imperpetuum,

49 612 135 675 banc
151 614 274 673 cartam
289 628 396 669 meam
410 606 516 690 sigillo
531 627 604 668 meo
619 607 776 669 roboravi.
821 606 896 667 Hiis
910 606 1057 681 testibus,
1073 608 1135 667 etc.

120 800 279 866 Omnibus
316 800 399 860 hanc
433 802 568 874 cartam,
594 804 668 873 etc,
699 798 877 861 Germanus
907 798 1024 880 Tysun‚
1055 796 1202 858 salutem.
1283 808 1311 874 xj

54 896 174 961 sciatis
194 916 247 958 me
271 895 343 957 ded.
359 899 392 955 et
408 914 496 956 eone.
518 898 551 955 et
566 894 599 955 b.
614 915 658 955 m.
677 915 705 954 c.
720 894 804 954 conf.
816 894 885 955 Deo
900 899 934 956 et
955 893 992 956 Β.
1008 892 1055 954 Μ.
1072 897 1106 954 et
1128 911 1203 953 mo-
1228 875 1351 1005 ἓξὲξ]

54 993 167 1057 nachia
191 991 277 1053 Novi
308 990 397 1052 Mon.
425 1009 483 1072 pro
512 988 615 1051 salute
641 991 756 1052 animae
787 1010 877 1067 meae,
906 998 1140 1051 autecessorum
1170 991 1204 1048 et
1231 1009 1340 1058 German

55 1088 222 1151 haeredum
236 1106 393 1162 meorum,
409 1104 507 1147 unam
521 1090 702 1167 quarteram
717 1085 873 1146 frumenti
889 1086 1057 1147 annuatim
1073 1085 1114 1146 ad
1130 1103 1206 1144 con·
1231 1075 1321 1138 Tim·

56 1183 232 1247 ficiendum
249 1182 369 1244 hostias
384 1181 569 1242 monasterii
582 1182 641 1256 sui,
656 1181 870 1263 recipiendam
893 1180 990 1241 inicio
1006 1179 1055 1263 (i)
1071 1179 1207 1261 quadra-

55 1280 200 1362 gesimae.
250 1278 295 1340 Et
321 1297 383 1359 ego
406 1282 441 1338 et
465 1275 532 1339 her.
555 1297 600 1339 m.
620 1277 679 1338 hoc
702 1277 849 1339 dedimus
871 1277 905 1337 in
932 1296 1020 1358 perp.
1044 1275 1098 1352 el.,
1121 1274 1207 1357 apud

56 1373 280 1456 Sehipilbotil‚
294 1374 383 1435 omni
399 1376 544 1454 tempore
565 1369 840 1455 pers0(l)veudum
856 1373 923 1434 sine
939 1373 1048 1454 aliquo
1063 1378 1140 1453 typo
1156 1367 1207 1432 vel

56 1473 286 1535 retinemento.
331 1468 408 1531 Hiis
422 1468 572 1545 testibus,
590 1473 653 1530 etc.

123 1659 280 1725 Omnibus
289 1658 415 1723 Sanctae
427 1659 544 1722 Matris
553 1660 714 1736 Ecclesiae,
725 1666 788 1723 etc.
812 1661 990 1723 Germanus
999 1661 1117 1742 Tyrum
1126 1659 1210 1721 salu·
1290 1674 1326 1740 xij

58 1762 139 1820 tem.
182 1756 301 1818 Sciatis
316 1775 369 1816 me
383 1755 455 1817 ded.
471 1760 505 1817 et
520 1776 609 1818 conc.
621 1762 656 1818 et
666 1757 698 1819 h.
710 1776 742 1838 p.
758 1778 785 1818 e.
796 1778 840 1818 m.
850 1757 933 1819 conf.
946 1756 1014 1818 Deo
1025 1760 1059 1816 et
1072 1756 1109 1817 B.
1120 1755 1166 1816 M.
1177 1759 1211 1817 et
1237 1743 1362 1857 {ffugi

59 1853 199 1914 meriste
224 1850 310 1912 Novi
331 1850 420 1912 Mon.
436 1871 457 1911 x
473 1871 497 1912 s.
519 1870 586 1932 arg.
601 1852 642 1913 de
668 1871 795 1913 camera
819 1872 891 1914 mea
911 1851 1131 1933 percipiendos
1155 1871 1211 1912 an·
1237 1873 1371 1936 mensor

60 1949 188 2012 nuatim
227 1947 267 2008 ad
296 1946 417 2008 festum
447 1945 558 2009 Sancti
585 1946 760 2023 Walerici‚¹
793 1948 919 2030 quando
944 1946 1096 2007 nundinae
1125 1946 1211 2028 apud
1238 1938 1360 2054 mm

60 2043 203 2106 Alnewic
232 2048 432 2119 exercentur,
461 2062 519 2124 pro
548 2041 652 2104 salute
681 2045 797 2105 auimae
828 2064 918 2120 meaa,
950 2049 1054 2104 antee.
1081 2049 1114 2105 et
1143 2043 1212 2106 her.
1360 2040 1367 2054 '

61 2158 218 2201 meorum.
263 2137 309 2200 Et
330 2157 390 2220 ego
414 2142 448 2199 et
471 2138 539 2199 her.
561 2157 606 2199 m.
622 2138 707 2200 hanc
732 2139 937 2201 elemosinam
961 2139 1059 2221 praed.
1075 2139 1213 2201 sacristae

61 2234 211 2296 dabimus
220 2233 262 2295 ad
273 2233 385 2294 vinum
399 2232 572 2294 emendum
588 2234 628 2296 ad
639 2234 750 2296 missas
762 2235 939 2296 celebrund.
953 2236 987 2295 in
999 2234 1095 2317 praed.
1107 2235 1214 2311 domo,

62 2329 164 2392 donec
178 2329 305 2405 melius,
320 2327 445 2405 utilius,
460 2335 492 2390 et
508 2329 690 2409 expedicius
713 2330 945 2411 providerimus
960 2335 1083 2391 certum
1107 2329 1212 2391 locum

62 2425 147 2487 unde
167 2424 290 2486 dietam
305 2423 513 2486 elemosinam
530 2424 579 2485 vel
595 2424 749 2506 majorem
773 2427 940 2507 percipiat.
987 2425 1032 2486 Et
1047 2426 1103 2507 qui
1131 2425 1214 2486 hano

62 2519 271 2581 elemosinam
285 2517 423 2581 voluerit
438 2517 555 2594 delere,
570 2520 714 2581 deleatur
730 2540 846 2583 nomen
862 2520 931 2602 ejus
958 2522 998 2583 de
1023 2520 1105 2582 libro
1126 2521 1213 2582 vitae.

63 2615 138 2677 Hiis
153 2615 305 2692 testibus,
320 2620 384 2677 etc.

129 2896 196 2960 DE
215 2894 518 2961 NEUBIGGING:
542 2895 684 2962 LOCUS
711 2897 820 2974 VIll'i,
845 2897 1030 2963 GRADUS
1061 2898 1148 2962 Vll'i.

132 3117 249 3203 (134b)
283 3117 395 3181 Sciant
424 3124 596 3199 praesentes
621 3124 655 3180 et
686 3119 787 3179 futuri
818 3118 902 3199 quod
933 3139 993 3200 ego
1023 3118 1214 3199 Stephanus,
1240 3125 1333 3173 Prima.

67 3213 152 3275 filius
167 3214 299 3276 Thomae
314 3215 354 3276 de
365 3213 586 3296 Neubigging‚
600 3214 674 3275 dedi
687 3220 720 3274 et
735 3215 885 3288 concessi,
901 3214 977 3276 eth.
990 3235 1021 3296 p.
1034 3234 1061 3274 e.
1074 3234 1117 3273 m.
1130 3214 1212 3275 conf.
1240 3189 1367 3318 meki

67 3309 135 3373 Deo
150 3317 185 3373 et
200 3309 239 3372 B.
255 3309 304 3372 M.
319 3316 352 3371 et
376 3310 539 3372 monachis
561 3310 601 3372 de
624 3310 716 3371 Novo
739 3309 829 3371 Mon.
846 3309 966 3371 ibidem
990 3309 1057 3370 Deo
1077 3309 1215 3370 servien-
1240 3320 1349 3371 orner-

68 3406 167 3482 tibus‚
181 3424 240 3488 pro
256 3405 315 3467 sal.
331 3424 382 3466 an.
395 3426 439 3466 m.
454 3411 488 3467 et
503 3425 562 3487 pro
575 3405 630 3466 sal.
646 3405 827 3466 animarum
849 3405 950 3486 patris
973 3405 1037 3465 mei
1054 3410 1087 3465 et
1102 3403 1215 3465 matris
1240 3385 1282 3500 fg„
1301 3384 1389 3498 Ῑξξθξξ

68 3520 147 3564 meae
155 3504 191 3563 et
205 3501 310 3563 uxoris
320 3520 409 3575 mese,
421 3520 591 3583 puerorum
603 3504 636 3561 et
651 3506 884 3562 antecessorum
899 3521 1055 3576 meorum,
1061 3499 1076 3582 j
1094 3499 1215 3561 toftum

122 3669 132 3702 ¹
151 3667 232 3739 April
245 3668 289 3721 lat
299 3665 324 3720 is
336 3666 383 3720 the
395 3666 447 3736 day
460 3684 494 3720 on
507 3665 597 3719 which
619 3665 660 3719 st.
669 3666 789 3720 Waleric
801 3684 832 3719 or
843 3666 944 3736 Valery
956 3683 1049 3720 occurs
1061 3667 1090 3720 in
1102 3667 1149 3719 the
1161 3665 1216 3718 Ro-

69 3742 332 3814 manldartyrology‚
341 3742 468 3795 asalsoin
477 3746 484 3773 ‘
494 3742 567 3811 King
576 3743 881 3798 Athelstun’sOalendar
890 3745 895 3765 '
904 3744 1024 3810 (Cotton.
1038 3744 1116 3798 Mas.
1130 3742 1218 3797 Galba

70 3823 105 3876 A.
118 3821 209 3891 xviii),
223 3822 277 3875 and
288 3822 317 3874 in
330 3821 407 3874 other
418 3821 538 3875 metriuul
550 3821 688 3874 calendars
704 3822 735 3875 of
744 3823 791 3875 the
804 3824 998 3894 Auglo-Saxon
1011 3823 1120 3878 Ohurch
1130 3823 1159 3875 in
1171 3823 1217 3875 the

70 3916 141 3954 sama
152 3899 305 3954 collection.
342 3899 388 3952 lle
409 3899 473 3954 does
494 3906 543 3952 not
553 3916 652 3970 appear
664 3898 691 3953 in
704 3901 845 3954 mediaeval
858 3902 971 3971 English
984 3901 1136 3956 Calendars.
1172 3901 1218 3953 He

72 3994 126 4033 was
135 3996 153 4033 a
163 3977 276 4049 disciple
288 3976 321 4032 of
330 3976 371 4031 St.
384 3976 575 4044 (iolumbanus,
588 3976 671 4030 about
684 3993 738 4032 tn.
752 3980 814 4045 620,
834 3980 885 4032 and
898 3979 1006 4033 became
1017 3980 1100 4034 abbot
1111 3980 1141 4032 of
1148 3979 1219 4033 Leu-

72 4071 169 4127 conary
180 4073 216 4110 ou
228 4056 275 4109 the
287 4055 404 4109 Samma.
440 4056 474 4109 In
493 4070 547 4109 an.
563 4056 633 4108 1200
652 4055 695 4109 his
713 4055 785 4126 body
797 4074 853 4110 was
865 4059 1011 4112 translated
1032 4066 1060 4112 to
1080 4061 1127 4112 the
1148 4058 1219 4111 little

72 4140 144 4187 town
156 4134 185 4188 in
198 4133 363 4203 Normandy‚
377 4149 438 4187 now
457 4133 543 4187 called
566 4134 607 4188 St.
621 4134 730 4203 Valery‚
750 4133 799 4187 but
811 4153 868 4188 was
889 4136 1048 4190 afterwards
1060 4136 1176 4191 restored
1190 4143 1219 4188 to

72 4211 108 4266 iu
124 4212 238 4285 original
251 4209 448 4283 reding-place,
461 4229 524 4265 now
536 4212 622 4266 called
635 4212 675 4266 St.
689 4213 975 4282 h'alery-aurSomme.
1011 4215 1075 4269 Dec.
1090 4215 1156 4268 latu
1163 4230 1221 4267 was

73 4288 198 4347 obsermd
210 4308 240 4346 as
251 4291 300 4345 the
311 4290 381 4344 feast
390 4290 421 4344 of
430 4290 472 4343 his
485 4291 649 4344 translation.
687 4290 772 4345 There
784 4290 807 4347 is
820 4309 854 4345 no
867 4291 917 4346 fair
929 4299 958 4346 at
971 4294 1100 4348 Alnwick
1112 4311 1173 4347 now
1185 4310 1220 4346 on

74 4383 102 4421 or
113 4386 177 4424 near
187 4370 278 4424 either
289 4368 343 4439 day
355 4367 387 4421 of
395 4367 437 4422 St.
450 4368 578 4424 Waleric.
610 4369 660 4423 See
673 4369 778 4423 further
787 4371 814 4424 in
827 4370 996 4426 ‘Memoriali
1008 4373 1039 4426 of
1048 4372 1191 4440 Hexham,’
1203 4370 1221 4425 i.

74 4448 142 4519 App.
154 4448 220 4519 xia,
229 4447 285 4503 and
296 4447 324 4503 ii.
338 4464 363 4518 p.
376 4447 437 4502 202.

622 4555 640 4589 a
657 4544 671 4589 2
