2940 5048
427 322 475 374 nn
500 322 596 375 Novo
622 321 861 374 nonasranlo.

53 494 183 577 quiete,
199 493 338 576 integre,
353 497 388 554 et
403 489 549 575 pacifice,
565 491 726 553 reddendo
741 491 910 553 annuatim
934 512 990 574 pro
1015 496 1102 555 terra
1117 513 1216 576 quam

54 592 120 653 emi
136 591 178 652 de
195 589 334 652 Radullo
350 588 418 650 filio
436 587 566 650 Ricardi
592 589 782 650 cementarii
798 588 935 650 Ricardc
950 589 1019 650 filio
1035 590 1167 652 Thomae
1183 590 1214 652 le

54 686 178 768 Taylur
192 691 227 749 et
242 687 309 749 her.
325 685 390 746 suis
406 683 526 769 (laob)
542 704 597 745 seu
620 684 805 765 assignatis,
820 689 885 746 tres
911 686 1021 747 denar.
1037 685 1078 747 ad
1094 686 1215 748 festum

56 781 171 846 Sancti
199 780 369 844 cuthberti
392 781 427 842 in
453 779 648 862 Septembri,
671 785 706 841 et
730 779 901 841 duodecim
925 779 1033 843 denar.
1057 782 1215 844 monacho

56 879 187 942 custodi
202 878 374 940 luminaris
389 876 501 939 Sancti
518 876 663 951 Roberti,
686 877 784 958 primi
810 877 938 938 abbatis
959 877 1046 940 Novi
1068 878 1158 940 Mon.
1174 878 1215 941 ad

49 975 139 1038 'duos
161 976 239 1037 anni
263 974 427 1048 terminos,
449 972 613 1048 videlicet,
636 973 847 1035 medietatem
873 974 914 1034 ad
942 973 1165 1051 Pentecosten,
1180 981 1215 1036 et

57 1071 158 1134 aliam
174 1071 384 1133 medietatem
399 1069 440 1131 ad
456 1069 575 1131 festum
590 1069 701 1132 Sancti
719 1069 853 1130 Martini
871 1071 904 1131 in
916 1071 1041 1152 hyeme,
1056 1071 1139 1132 sicut
1154 1091 1215 1152 ego

58 1188 99 1229 ex
115 1188 179 1250 quo
194 1167 285 1230 illam
303 1173 421 1228 terram
437 1166 502 1227 cmi
515 1166 629 1228 devote
642 1166 768 1227 reddidi
782 1171 815 1227 et
828 1167 861 1227 in
873 1174 1065 1248 perpetuum
1078 1188 1130 1229 me
1142 1168 1214 1228 vovi

59 1264 275 1325 redditurum.
313 1263 450 1344 Insuper
465 1261 626 1324 reddendo
649 1281 706 1342 pro
730 1261 853 1323 duabus
865 1262 983 1343 placeis
998 1284 1076 1345 quas
1091 1264 1157 1325 emi
1172 1264 1213 1325 de
1239 1278 1356 1331 Maddes

60 1359 168 1421 Adam
201 1359 310 1421 'l'ruan
335 1358 432 1441 juxta
461 1363 594 1440 pontem
624 1357 664 1419 de
687 1356 718 1419 le
748 1357 947 1421 Madercroft
976 1359 1143 1422 Willelmo
1174 1360 1215 1423 de
1239 1350 1335 1464 {¹330

59 1455 205 1538 Hepscct
220 1454 308 1517 dicto
330 1454 498 1516 forestario
513 1454 554 1515 de
568 1453 701 1516 abbacia
724 1474 826 1514 unum
843 1455 1010 1516 denarium
1034 1455 1075 1517 ad
1096 1456 1214 1519 Pente·
1302 1429 1343 1478 ε’

60 1557 170 1614 costen
187 1571 246 1633 pro
269 1551 358 1612 omni
381 1548 446 1611 alio
471 1549 614 1623 servicio,
630 1551 872 1628 consuetudine,
895 1556 928 1612 et
953 1551 1122 1614 demanda.
1170 1552 1214 1616 Et

59 1666 122 1730 ego
136 1647 242 1709 dictus
266 1644 423 1708 Radulfns
448 1650 483 1707 et
507 1644 649 1707 haeredes
670 1647 735 1706 mei
752 1665 861 1707 omnes
886 1646 984 1727 praed.
1001 1652 1100 1709 terras
1115 1648 1214 1730 praed.

63 1742 201 1806 Ricardo
215 1748 250 1804 et
264 1741 332 1804 her.
349 1762 373 1804 s.
390 1740 451 1804 vel.
466 1741 637 1823 assignatis
652 1747 765 1803 contra
785 1761 896 1804 omnes
912 1743 1057 1805 homines
1072 1749 1106 1807 et
1121 1744 1215 1807 femi·

60 1858 120 1901 nas
134 1837 424 1914 warantizabimus,
433 1837 704 1920 adquietabimus,
711 1843 744 1899 et
754 1836 963 1901 defendemus
976 1840 1212 1923 inperpetuum.

61 1935 102 1998 In
118 1935 212 2018 cujus
227 1935 283 1998 rei.

130 2110 289 2175 Omnibus
318 2112 379 2173 hoc
406 2111 574 2194 scriptum,
599 2116 659 2174 etc.
694 2111 850 2174 Ricardus
876 2113 953 2176 Tere
979 2113 1019 2177 de
1050 2115 1213 2198 Morpeht,
1272 2135 1345 2202 xxxij

61 2213 217 2271 aeternam
228 2207 263 2268 in
276 2207 416 2269 Domino
431 2207 578 2269 salutem.
611 2207 776 2270 Noveritis
788 2229 839 2271 me
855 2215 890 2271 et
905 2210 970 2272 her.
983 2230 1027 2273 m.
1044 2232 1099 2274 seu
1113 2214 1213 2296 assig-
1239 2203 1367 2320 mieh-

62 2309 156 2366 natos
174 2303 277 2365 teneri
301 2307 335 2365 et
357 2303 494 2365 firmiter
517 2304 656 2386 obligari
678 2304 746 2366 Deo
769 2310 803 2366 et
826 2306 862 2369 B.
878 2307 937 2381 M,
962 2307 1044 2371 Abb.
1066 2315 1101 2371 et
1123 2331 1214 2374 conv.
1317 2287 1364 2322 θη

62 2400 93 2463 N
94 2403 147 2462 ovi
161 2400 263 2476 Mon,
277 2405 312 2461 ct
327 2399 508 2481 specialiter
523 2400 674 2462 luminari
690 2400 800 2463 Sancti
817 2401 948 2466 Roberti
965 2405 1063 2486 primi
1088 2406 1215 2469 abbatia

63 2496 208 2579 ejusdem
223 2495 337 2557 domus
354 2497 388 2557 in
404 2496 567 2558 redditum
585 2497 755 2559 duodecim
771 2498 877 2561 denar.
894 2502 1021 2582 argenti
1045 2505 1214 2566 annuatim

62 2591 261 2675 percipiend.
277 2592 318 2653 de
330 2612 382 2653 me
397 2598 431 2654 et
446 2592 513 2654 her.
526 2613 569 2654 m.
586 2613 641 2654 seu
655 2594 773 2674 assign.
789 2594 829 2656 de
844 2595 903 2657 1110
918 2597 1056 2660 dimidio
1070 2600 1165 2676 tofto,
1181 2606 1215 2662 et

63 2694 149 2751 terra
175 2687 216 2750 ad
238 2687 319 2750 illud
343 2689 525 2770 pertinente
538 2687 634 2770 juxta
650 2688 810 2768 Gledhon,
825 2692 910 2774 quod
924 2692 1014 2774 jacet
1037 2695 1123 2758 inter
1149 2701 1215 2758 ter·

63 2806 134 2848 ram
149 2784 227 2847 Adae
242 2785 361 2862 sutoris
385 2805 425 2846 ex
448 2803 513 2846 una
527 2789 630 2866 parte,
645 2790 680 2847 et
696 2786 774 2849 Adae
798 2788 959 2851 forestarii
983 2810 1022 2852 ex
1047 2792 1159 2867 altera,
1173 2792 1216 2855 ad

64 2882 143 2945 dnos
169 2881 247 2942 anni
270 2880 435 2958 terminos,
462 2879 623 2955 videlicet,
650 2882 859 2946 medietatem
880 2885 919 2946 ad
941 2885 1165 2965 Pentecosten,
1181 2894 1215 2951 et

64 2977 165 3041 aliam
180 2976 393 3039 medietatem
407 2975 448 3037 ad
460 2975 579 3038 festum
594 2975 706 3039 Sancti
722 2978 860 3040 Martini
875 2981 909 3040 in
925 2981 1049 3061 hyeme.
1087 2983 1123 3046 Si
1139 3005 1215 3047 vero

65 3073 237 3155 contingat
250 3072 336 3153 quod
355 3071 481 3134 dictum
493 3076 716 3135 tenementum
739 3072 849 3155 aliqua
864 3077 1027 3139 occasione
1042 3080 1214 3160 praefatum

65 3168 227 3231 redditum
243 3168 484 3251 praenominatis
500 3169 663 3230 monachis
678 3169 809 3231 reddere
828 3189 892 3231 non
916 3173 1027 3251 possit,
1044 3175 1215 3256 praedictus

66 3264 223 3327 Ricardns
238 3269 272 3325 et
286 3264 353 3324 her.
369 3262 418 3325 sui
443 3284 500 3325 seu
514 3263 668 3345 assignati
683 3265 724 3326 de
739 3264 831 3326 bonis
845 3266 910 3326 suis
925 3271 959 3327 et
974 3271 1118 3348 pecuniis
1134 3269 1216 3332 obli·

65 3366 146 3443 gant
172 3380 205 3423 se
235 3360 276 3423 ad
313 3360 508 3423 solucionem
537 3360 620 3421 dicti
649 3361 804 3436 redditus,
834 3363 923 3423 omni
961 3366 1215 3429 contradiccione

66 3463 204 3532 remota3
217 3462 370 3540 praeterea
381 3456 408 3518 si
417 3477 477 3539 ego
493 3455 544 3518 vel
559 3455 677 3539 aliquis
689 3457 851 3520 haeredum
868 3478 1011 3521 meorum
1022 3462 1062 3523 ad
1073 3461 1215 3545 aliquem

67 3555 242 3616 terminum
257 3553 292 3614 in
307 3552 468 3615 solucione
478 3552 573 3615 dictae
589 3553 688 3616 firmae
698 3555 919 3631 defecerimus,
928 3554 1042 3620 licebit
1052 3559 1215 3641 praedictis

67 3650 232 3713 monachis
254 3650 446 3732 distringere
461 3669 518 3710 nos
533 3669 590 3730 per
606 3649 690 3711 bona
704 3656 814 3713 nostra
828 3652 964 3715 mobilia
986 3660 1021 3716 et
1036 3656 1218 3719 immobilia

68 3767 258 3829 quocunqne
270 3747 402 3808 inventa
413 3745 536 3807 fuerint
552 3746 587 3805 in
602 3745 699 3807 dictis
714 3748 851 3808 dimidio
863 3749 946 3810 tofto
959 3756 992 3811 et
1007 3757 1104 3827 terra,
1113 3752 1217 3813 omni-

68 3843 128 3905 bus
149 3843 256 3905 modis
278 3843 521 3925 quibuscunque
544 3841 590 3903 eis
612 3842 726 3904 melius
742 3845 845 3905 visum
861 3843 978 3928 (l3la)
994 3846 1102 3925 fuerit,
1117 3849 1218 3911 donec

68 3939 220 4021 praefatus
247 3939 393 4000 redditus
417 3938 538 4000 eisdem
563 3939 728 4000 monachis
752 3938 894 4021 plenarie
922 3943 1131 4023 persolvatur.
1160 3939 1216 4006 'In

69 4035 159 4119 cnjus
174 4036 232 4113 rei,
249 4045 312 4099 etc.

134 4228 249 4291 Frater
273 4227 493 4310 Raginaldus,¹
521 4227 627 4289 dictus
655 4227 760 4289 Abbas
775 4228 815 4290 de
840 4228 1008 4307 Fontibus,
1032 4232 1159 4297 dilectis
1181 4236 1215 4297 in
1269 4247 1352 4313 xxxiij

69 4323 195 4388 Christo
217 4325 293 4387 filiis
305 4324 470 4386 monachis
485 4323 570 4384 Novi
587 4324 778 4385 Monasterii
800 4326 1008 4407 praesentibus
1032 4335 1067 4391 et
1090 4330 1217 4409 futuris,
1242 4313 1394 4430 ffl'ffih‘

337 4459 344 4491 ¹
364 4457 459 4513 Abbot
471 4457 502 4512 oi
511 4459 669 4528 Fountains,
682 4475 737 4515 an.
752 4461 821 4514 1265
834 4468 861 4516 tc
875 4462 952 4518 1274.
1242 4445 1390 4497 F0¹¹¹¹i⁸i¹1b
