2940 5048
416 333 463 387 Dll
488 334 581 389 NOVO
607 336 843 390 uosssnsmo

59 501 203 586 tephani
216 523 319 587 usque
329 503 372 566 ad
384 508 502 566 terram
514 503 785 584 deScharberton,
795 512 829 568 ct
840 505 916 568 inde
928 526 1037 567 versus
1046 506 1202 567 orientem

59 619 92 662 er
102 601 370 664 intraneversum
378 601 419 663 de
432 599 710 677 Blakeilatsleche‚
719 609 751 664 et
763 603 840 664 inde
851 604 971 664 iterum
981 622 1087 663 versus
1099 603 1203 663 orien-

59 716 107 758 em
115 716 179 778 per
189 698 335 759 divisam
345 716 442 778 quam
451 716 511 778 ego
523 697 660 760 Thomas
674 703 709 759 et
724 699 866 760 conversi
881 697 913 758 N
915 718 943 759 o.
955 698 1021 759 Mo.
1038 697 1203 760 communi
1227 696 1365 787 The-‘Jem-

59 792 178 855 onsilio
195 797 231 854 et
240 791 411 855 voluntate
425 793 558 854 fecimus
573 813 673 875 nsque
684 794 725 856 ad
736 794 1002 875 praenominatam
1013 792 1203 855 Heseleden.
1226 781 1299 816 '⁰¹⁸¹‘

59 886 130 951 lab.
140 894 254 951 etten.
264 888 361 951 dictis
371 886 485 950 abhet
494 908 584 949 conv.
600 887 641 951 de
653 910 705 952 me
720 895 753 950 et
763 891 830 951 her.
848 909 891 950 m.
907 890 956 951 ita
967 889 1023 950 lib.
1035 889 1102 971 qui.
1113 889 1203 950 sicud

59 982 157 1066 iliqna
168 983 211 1046 el.
227 983 354 1059 melius,
370 984 551 1066 quieciuset
562 984 694 1047 liberius
709 991 815 1067 potest
827 985 937 1046 haberi
952 990 986 1046 et
1000 985 1113 1060 teneri,
1129 1005 1203 1046 cum

59 1078 152 1143 libero
163 1081 305 1143 introitu
319 1085 354 1142 et
368 1080 458 1141 exitu
472 1080 514 1141 ad
527 1082 626 1162 praed.
639 1087 767 1144 terram.
798 1080 844 1143 Et
858 1101 918 1162 ego
934 1081 1072 1143 Thomas
1086 1087 1121 1142 et
1136 1081 1202 1142 her.

59 1194 95 1238 m.
109 1176 212 1258 praed.
227 1174 277 1258 iiij
294 1195 381 1237 aeras
395 1181 486 1238 terrae
501 1195 575 1236 oum
590 1196 676 1238 omn.
692 1178 810 1258 pertin.
825 1183 860 1239 et
882 1177 993 1238 asiam.
1019 1178 1085 1237 suis
1105 1176 1203 1258 praed.

59 1269 125 1335 rbb.
137 1277 174 1334 et
185 1291 278 1334 conv.
289 1274 401 1333 contra
415 1291 501 1332 omn.
516 1271 602 1333 hom.
619 1291 691 1334 war.
708 1277 743 1333 et
757 1272 822 1334 def.
867 1271 908 1332 In
924 1270 1026 1353 cujus.

117 1461 289 1538 Omnibus,
304 1467 366 1525 etc.
410 1462 548 1524 Thomas
563 1462 648 1524 filius
669 1464 799 1527 Thomae
815 1462 876 1525 filii
892 1462 1015 1545 Pegani
1033 1463 1073 1526 de
1089 1462 1203 1526 Scher-
1227 1531 1250 1580 G
1288 1465 1318 1530 ij·

59 1558 177 1635 horton,
186 1557 334 1620 salntem.
352 1557 433 1620 Nov.
443 1578 495 1620 me
504 1558 577 1621 ded.
590 1579 679 1622 conc.
688 1563 723 1621 et
732 1560 763 1621 h.
777 1580 820 1620 m.
837 1580 865 1620 c.
880 1560 960 1620 conf.
976 1559 988 1638 (
994 1557 1072 1642 83a)
1085 1559 1154 1621 Deo
1168 1564 1203 1622 et
1225 1533 1348 1646 hffif

59 1653 212 1717 amno.
223 1653 292 1716 Mo.
303 1659 338 1716 et
345 1654 510 1716 monachis
521 1654 644 1716 ibidem
654 1654 722 1717 Deo
732 1655 943 1717 servientibus
953 1675 1010 1736 pro
1022 1655 1078 1717 sal.
1091 1675 1144 1717 an.
1157 1676 1200 1718 m.
1226 1664 1344 1726 811111101-

59 1755 87 1813 st
100 1755 208 1813 antec.
224 1769 270 1810 m.
286 1754 320 1811 et
335 1769 421 1810 succ.
437 1748 468 1831 vj
486 1770 574 1812 acras
589 1755 681 1812 terrae
696 1770 770 1811 cnm
785 1751 904 1832 pertin.
920 1752 956 1812 in
979 1750 1144 1813 Farniside
1167 1751 1202 1811 in
1225 1728 1379 1843 ffinfflffhffi

59 1864 168 1928 eampo
183 1844 225 1907 de
240 1843 452 1908 Soharberton
466 1847 502 1907 in
517 1866 581 1908 una
596 1845 721 1908 cultura
736 1865 808 1927 quae
830 1866 862 1908 se
884 1847 1031 1908 extendit
1052 1845 1093 1907 de
1114 1865 1202 1908 mora
1226 1858 1331 1922 Pegasi.

59 1960 155 2024 nsque
168 1940 309 2002 rivulum
323 1940 364 2003 de
380 1940 539 2003 Alribum.
584 1942 661 2004 Ten.
687 1947 722 2004 et
744 1941 817 2003 hab.
829 1942 926 2024 praed.
942 1960 1028 2003 mon.
1044 1941 1085 2003 de
1103 1961 1155 2002 me
1170 1946 1204 2003 et

59 2036 124 2100 her.
139 2057 185 2098 m.
200 2037 237 2098 in
252 2035 310 2098 lib.
333 2056 403 2118 pur.
425 2043 460 2098 et
481 2057 567 2119 perp.
583 2037 624 2100 el.
639 2037 739 2099 libere
754 2042 787 2098 et
803 2036 976 2099 honorilice
991 2042 1025 2099 et
1040 2038 1149 2119 quiete
1163 2036 1205 2098 ab

59 2152 143 2195 omn.
158 2132 313 2195 serviciis.
358 2132 403 2194 Et
417 2151 477 2215 ego
492 2133 631 2195 Thomas
646 2141 680 2195 et
695 2134 760 2194 her.
776 2153 820 2194 m.
836 2133 959 2195 dictam
974 2139 1091 2195 terram
1109 2132 1206 2194 dictis

59 2247 145 2291 mon.
159 2234 199 2290 ut
212 2227 310 2310 praed.
326 2233 375 2291 est
389 2233 500 2290 contra
514 2248 601 2291 omn.
617 2228 703 2290 hom.
719 2248 791 2290 war.
811 2228 874 2291 def.
891 2233 924 2290 et
939 2248 1008 2310 acq.
1035 2229 1070 2289 in
1094 2247 1206 2310 perpe·

59 2328 163 2386 tuum.
186 2323 232 2386 Et
239 2323 322 2386 dicti
332 2343 418 2387 mon.
428 2323 594 2387 habebunt
604 2323 739 2386 liberum
749 2325 920 2385 introitum
930 2329 963 2387 et
975 2325 1096 2386 exitum
1107 2344 1206 2406 usque

59 2419 325 2503 inpunitatem
336 2419 377 2481 ad
389 2419 612 2482 omnimodum
621 2419 731 2502 profic.
741 2440 835 2482 suum
847 2420 995 2495 faciend.,
1008 2424 1042 2482 et
1053 2419 1206 2482 claudent

59 2534 129 2578 eam
143 2516 172 2578 si
187 2514 347 2577 voluerint
365 2534 456 2577 muro
474 2515 526 2578 vel
545 2515 662 2578 fossato
677 2515 766 2577 sicud
781 2516 827 2577 eis
841 2515 957 2578 melius
972 2517 1077 2578 visum
1097 2516 1205 2579 fuerit.
1232 2570 1235 2577 .

59 2610 104 2674 111
116 2611 285 2674 sciendum
300 2614 349 2672 est
363 2610 446 2692 quod
462 2610 561 2673 abbas
575 2616 610 2673 et
624 2631 715 2673 conv.
731 2611 792 2671 No.
803 2609 869 2672 Mo.
885 2616 1108 2674 concesserunt
1122 2612 1205 2674 mihi

59 2713 92 2770 11
104 2707 200 2770 uxori
213 2726 294 2769 meae
309 2705 507 2788 sepulturam
521 2707 681 2769 intereos.
726 2706 801 2769 Hiis
817 2707 962 2769 testibus.

125 2896 295 2972 Omnibus,
309 2902 372 2960 etc.
406 2897 545 2959 Thomas
567 2896 613 2960 fil.
636 2898 769 2960 Thomae
785 2897 907 2980 Pagani
923 2899 963 2962 de
979 2901 1204 2976 Scharberton,
1247 2963 1253 2975 ,
1282 2895 1331 2974 'iij-

59 2992 208 3057 salutem.
251 2992 335 3056 Nov.
350 3013 403 3055 me
416 2993 488 3056 ded.
504 3014 593 3056 conc.
608 2995 689 3056 eth.
705 3015 749 3056 m.
764 3015 797 3076 p.
812 3015 840 3056 0.
856 2996 938 3058 conf.
962 2996 1030 3058 Deo
1052 3001 1087 3058 et
1103 2997 1140 3059 B.
1156 2997 1203 3059 M.
1227 2964 1348 3093 {ffiffy

59 3088 156 3153 Novi.
170 3089 261 3152 Mon.
277 3094 312 3151 et
325 3109 411 3151 mon.
427 3089 550 3152 ibidem
565 3089 634 3152 Deo
649 3090 859 3152 servientibus
884 3111 941 3172 pro
966 3090 1024 3153 sal.
1043 3112 1096 3154 an.
1111 3113 1154 3154 m.
1171 3098 1205 3155 et
1227 3096 1272 3145 the
1283 3109 1359 3145 same

59 3191 166 3249 antec.
191 3191 226 3248 01
253 3205 383 3247 success.
408 3205 453 3246 m.
468 3190 573 3247 totam
587 3192 706 3248 terram
722 3207 796 3247 eum
807 3186 926 3266 pertin.
943 3206 1040 3267 quam
1056 3187 1155 3248 habui
1169 3190 1204 3249 in

59 3281 228 3344 Farniside
250 3281 286 3343 111
309 3301 423 3363 campo
443 3281 483 3342 de
498 3281 723 3356 Scharberton,
748 3301 818 3363 quae
845 3301 877 3342 se
902 3280 1048 3342 extendit
1063 3280 1103 3343 de
1118 3303 1206 3345 mora

59 3397 158 3460 usque
173 3377 208 3439 in
222 3377 362 3439 rivulum
378 3377 418 3438 de
434 3375 614 3439 Alribume.
660 3377 737 3438 Ten.
749 3383 783 3439 et
797 3377 871 3438 hab.
887 3377 984 3458 praed.
995 3396 1081 3438 mon.
1099 3377 1138 3439 de
1154 3399 1207 3440 me

59 3477 93 3536 11
106 3472 173 3535 her.
189 3493 233 3535 m.
248 3473 284 3534 in
299 3471 357 3535 lib.
372 3492 442 3554 pur.
457 3475 490 3534 et
506 3492 596 3553 perp.
619 3471 658 3533 el.
676 3472 775 3534 libere
791 3472 962 3533 honorifice
987 3475 1022 3533 et
1042 3474 1151 3554 quiete
1166 3473 1207 3536 ab

59 3588 146 3630 omn.
166 3568 318 3630 serviciis.
364 3567 409 3629 Et
424 3587 483 3650 ego
495 3567 634 3629 Thomas
650 3568 765 3629 ether.
781 3588 825 3629 m.
843 3567 966 3629 dictam
976 3573 1095 3630 terram
1110 3568 1207 3630 dietis

59 3682 146 3726 mon.
162 3668 200 3725 ut
214 3664 310 3746 praed.
326 3668 376 3726 est
390 3668 502 3725 contra
516 3683 603 3725 omn.
614 3663 701 3724 hom.
717 3684 790 3725 war.
806 3669 839 3725 11
855 3664 918 3726 def.
964 3664 1009 3725 Et
1024 3664 1103 3726 (11011
1120 3685 1206 3726 mon.

59 3759 225 3822 habebunt
236 3758 373 3821 libemm
389 3759 560 3821 introitum
576 3765 610 3821 11
625 3759 759 3835 exitum,
775 3763 809 3820 et
824 3760 893 3841 ipse
908 3760 1103 3841 sepulturam
1118 3761 1207 3822 sicud

59 3856 93 3917 in
110 3855 176 3917 alia
189 3862 279 3918 carta
292 3854 421 3937 plenius
436 3855 620 3917 continetur
635 3875 674 3917 ex
689 3860 769 3917 toto.
815 3855 897 3917 Vide
913 3876 1016 3938 supra.
1294 3864 1315 3916 1

125 4045 293 4124 Omnibus,
319 4052 381 4109 etc.
428 4046 587 4109 Robertus
612 4046 709 4108 Elder
736 4046 777 4108 de
802 4046 1026 4123 Scharberton,
1056 4047 1204 4111 salutem.
1281 4045 1333 4113 iiij·

59 4142 138 4206 Nor.
163 4163 216 4205 me
239 4142 312 4205 ded.
336 4143 371 4205 in
398 4163 512 4224 puram
536 4142 742 4204 elemosinam
764 4146 797 4204 et
812 4150 1001 4224 perpetuam
1017 4146 1204 4207 concessisse
1229 4113 1350 4228 Qud

59 4239 139 4302 Abb.
154 4245 189 4302 11
205 4238 304 4303 Conv.
328 4238 388 4300 No.
406 4239 472 4300 Mo.
494 4258 594 4299 unam
609 4238 719 4299 rodam
735 4243 828 4300 terrae
843 4238 972 4300 arabilis
992 4245 1026 4301 et
1045 4240 1205 4324 11111111-
1229 4245 1349 4310 811111101-

59 4341 182 4411 rentem
197 4336 234 4397 in
249 4334 419 4397 remociori
435 4340 524 4416 parte
539 4335 645 4415 campi
662 4334 702 4395 de
717 4333 745 4393 F
746 4333 884 4395 arniside
899 4333 984 4396 inter
998 4340 1099 4398 terras
1121 4337 1206 4420 ipso-
1228 4311 1315 4428 {1⁰53
1320 4311 1383 4362 Rob.

59 4451 128 4493 rum
154 4431 232 4494 abb.
257 4437 292 4492 et
314 4450 405 4492 oonv.
451 4431 527 4491 Ten.
553 4433 588 4490 et
612 4428 683 4489 hab.
708 4430 806 4509 praed.
833 4428 903 4490 abb.
928 4437 962 4492 01
977 4451 1068 4494 conv.
1089 4433 1208 4525 absque
