2940 5048
682 298 954 351 calumniamur

250 470 332 531 haine
349 468 580 531 relaxacionem
595 474 628 531 et
643 468 788 550 quietam
802 466 1031 531 elamaeionem
1047 470 1298 529 conservaturos.
1326 462 1386 526 Hiir

251 566 397 627 teetibrm.
864 594 870 601 ·
1445 564 1448 643 i

1446 658 1448 681 l

123 767 167 832 viij
319 758 463 839 Rogerus
479 757 637 836 nort-ram,
652 755 799 819 salut-ena
832 754 951 819 Sciatis
961 776 1014 819 me
1030 755 1225 819 concessisse
1238 759 1273 817 et
1286 754 1390 817 haam.

76 835 212 949 §W
252 876 284 937 p.
295 874 320 915 c.
330 854 412 915 conf.
427 852 495 915 Deo
511 859 546 915 et
561 852 594 916 S.
607 852 655 917 M.
670 857 705 915 et
714 872 779 916 mo.
787 852 829 915 de
845 852 935 916 Novo
951 852 1039 915 Mon.
1055 852 1090 914 in
1107 851 1168 914 lib.
1182 856 1301 934 purat
1313 870 1391 933 perp

77 966 183 1023 launna
197 967 228 1029 oy
251 950 292 1014 el.
314 956 418 1012 totam
442 950 651 1012 donacionem
667 948 826 1011 Willelmi
847 948 889 1011 de
904 950 1022 1012 Sancto
1036 948 1135 1011 Petro
1150 968 1252 1030 quam
1266 946 1394 1009 eontulit

77 1034 159 1148 ξζῇῐ
170 1033 228 1080 ¹³⁰*
252 1049 299 1108 oia
313 1067 386 1108 cum
398 1066 528 1128 corpore
539 1066 606 1124 suo,
615 1045 752 1123 scilieet,
761 1045 924 1108 culturam
934 1065 1006 1127 quae
1015 1051 1149 1107 vocatur
1170 1042 1310 1126 Derling
1329 1062 1394 1105 oum

147 1136 152 1147 '
254 1142 463 1225 pertinenciis
478 1144 553 1217 auis,
568 1162 625 1224 per
644 1141 762 1203 divisas
773 1144 807 1204 in
824 1148 915 1205 carta
929 1141 1058 1204 illomm
1080 1140 1279 1219 nominata«,
1293 1144 1329 1202 et
1348 1138 1397 1202 do-

253 1241 423 1301 nacionem
446 1239 580 1301 Roberti
602 1238 643 1300 de
658 1238 777 1301 Sancto
793 1238 901 1317 Petro,
916 1238 1053 1315 seilicet,
1068 1237 1098 1320 vj
1115 1256 1207 1299 auras
1221 1242 1319 1299 terrra
1331 1256 1398 1299 curn

254 1336 461 1417 pertinenciis
470 1335 547 1412 suia,
556 1334 596 1396 ed
606 1331 687 1417 (aio)
697 1332 1015 1418 donacionem(18b)
1025 1332 1115 1395 Will.
1124 1331 1271 1394 Frebem
1279 1337 1315 1394 et
1326 1332 1399 1397 Siei-

254 1433 308 1493 liae
323 1429 402 1515 (eie)
415 1431 520 1492 uxoris
536 1450 610 1504 eura,
621 1429 635 1511 j
656 1450 774 1491 aeram.
814 1430 859 1493 Et
874 1430 1052 1492 multuram
1066 1428 1401 1511 praedietammterra·

255 1549 326 1589 rum
339 1528 457 1589 eisdem
474 1527 638 1588 monachia
653 1528 798 1607 quietam
813 1527 950 1588 clamavi
965 1528 1006 1588 de
1021 1546 1073 1587 me
1088 1532 1123 1587 et
1137 1524 1313 1587 heredibus
1327 1526 1402 1588 meis

254 1630 289 1685 et
304 1624 455 1687 concessi.
501 1623 545 1684 Et
572 1623 645 1684 volo
673 1635 710 1683 ut
736 1623 836 1685 iidem
852 1643 917 1686 mo.
933 1623 1075 1685 habeant
1089 1626 1124 1684 at
1138 1625 1276 1684 teneant
1298 1621 1403 1684 omnia

255 1719 409 1802 praediota
423 1720 503 1781 adeo
519 1718 619 1781 libere
633 1725 668 1780 et
682 1720 791 1800 quiete
806 1720 897 1782 sicud
912 1730 1009 1781 oartae
1024 1738 1133 1780 eorum
1143 1738 1224 1799 quaa
1233 1716 1276 1780 de
1285 1717 1403 1781 eiadem

258 1817 352 1878 terris
373 1817 493 1879 habent
509 1821 700 1898 proportant
711 1821 746 1877 et
760 1821 932 1877 tentantur.
979 1815 1053 1877 Hiis
1068 1813 1218 1877 testibus.

141 2045 165 2075 ιι
325 2011 488 2073 lohannes
503 2010 543 2070 (le
556 2007 710 2089 Kirkeby‚
723 2007 861 2069 salutem
877 2008 910 2068 in
922 2006 1072 2070 Domino.
1102 2006 1268 2071 Noraritia
1282 2026 1336 2069 me
1350 2026 1405 2089 pro

83 2095 169 2158 napu-
259 2108 315 2171 eal.
332 2129 383 2171 an.
400 2128 480 2170 mem
495 2113 530 2168 et
545 2127 594 2168 ux.
610 2126 654 2167 m.
670 2110 704 2167 et
718 2125 803 2167 omn.
819 2110 923 2168 anteo.
946 2110 979 2167 et
1003 2105 1070 2167 her.
1096 2124 1138 2167 m.
1163 2104 1336 2181 remisisse,
1360 2124 1407 2167 re·

82 2167 222 2280 azizim„
258 2206 390 2276 laxasse,
405 2209 439 2264 et
454 2203 583 2263 omnino
600 2222 656 2283 pro
671 2222 723 2264 me
738 2206 772 2263 et
787 2202 853 2263 her.
870 2221 914 2263 m.
929 2202 1077 2283 quietum
1100 2201 1256 2263 clamasse
1282 2201 1352 2264 Deo
1373 2206 1406 2263 et.

83 2292 234 2404 J’s¹³,¹³¹'¹⁸.i¹¹
260 2302 297 2361 ll.
322 2301 445 2375 Maria,
461 2297 540 2359 Abb.
563 2304 597 2359 et
620 2318 681 2359 mo.
705 2297 787 2360 Nov.
810 2297 900 2360 Mon.
916 2297 984 2360 Deo
1005 2298 1156 2359 servient.
1171 2301 1280 2359 toturn
1296 2296 1354 2381 juo
1374 2302 1407 2359 et

87 2374 227 2475 llt'tff‘
259 2397 411 2457 onmium
422 2395 506 2475 quoa
521 2394 620 2455 haum
630 2394 680 2455 ver
696 2394 812 2456 nabere
827 2395 920 2477 potui
935 2395 969 2456 u
985 2400 1056 2457 aa
1071 2392 1128 2456 nra
1140 2397 1308 2476 terraque
1318 2393 1407 2477 jaca

84 2488 192 2563 ¹¹31J⁰¹¹¹¹
205 2488 236 2536 ‘¹⁰
260 2513 298 2552 ex
314 2490 462 2553 orientali
474 2496 565 2571 parte
578 2489 829 2571 subscriptarum
839 2491 1023 2567 dinisamm,
1034 2489 1195 2565 videlicet,
1206 2489 1261 2552 del
1276 2488 1407 2553 Mordilr

84 2554 207 2617 mrtem.
259 2608 317 2667 per
356 2605 452 2646 unam
491 2585 625 2646 divisam
668 2606 774 2647 vorsus
812 2585 997 2668 aquilonem
1033 2606 1133 2669 usquo
1171 2584 1213 2647 ad
1245 2584 1279 2648 le
1308 2584 1409 2647 Mun-

260 2683 455 2758 keolrestreS,
478 2685 513 2743 ot
543 2682 618 2743 inde
648 2702 754 2743 versus
785 2683 987 2744 occidentem
1010 2702 1066 2764 per
1097 2680 1251 2744 borialem
1282 2688 1407 2765 partem

259 2781 319 2839 rim
342 2799 414 2859 qum
440 2778 529 2839 vadit
555 2778 640 2838 int-er
655 2777 832 2840 Brinlrelau
855 2784 890 2841 et
915 2778 1051 2856 Berwilr‚
1077 2797 1177 2859 usque
1192 2778 1234 2839 ad
1253 2798 1408 2861 magnam

258 2876 394 2935 ‹liviaim
409 2895 480 2955 quae
496 2882 627 2935 vocatur
643 2873 851 2952 Bernikbale‚
866 2875 950 2937 inter
971 2875 1001 2937 le
1022 2873 1192 2956 Langeleis
1214 2880 1248 2937 ot
1266 2872 1408 2937 Berwilr-

260 2971 361 3048 flat-te,
377 2977 411 3032 et
426 2972 500 3031 inde
517 2992 622 3032 versus
637 2972 819 3053 aquilonem
842 2973 933 3034 sicud
955 2972 1077 3054 lapides
1091 2971 1257 3033 fodiuntur
1271 2972 1307 3033 in
1320 2975 1408 3033 terra

260 3070 485 3151 interpretum
501 3069 622 3130 domini
648 3076 679 3130 et
699 3067 825 3130 Berwilr
841 3075 874 3130 et
889 3074 1018 3151 pratum
1034 3070 1115 3131 dicti
1130 3068 1266 3145 abbatis,
1282 3074 1318 3131 et
1331 3068 1408 3131 inde

261 3187 364 3226 remus
380 3166 536 3226 orientem
551 3166 636 3226 inter
652 3172 771 3227 terram
791 3164 914 3226 cultam
938 3166 978 3227 de
1003 3164 1128 3227 Berwik
1152 3169 1186 3227 et
1211 3170 1344 3247 pratum
1367 3165 1408 3228 (le

261 3263 395 3337 llorton,
408 3269 441 3323 et
458 3263 501 3322 sio
518 3283 622 3324 versus
638 3262 821 3343 aquilonem
837 3262 921 3323 inter
936 3262 967 3323 le
979 3260 1191 3324 Oroketflatte
1205 3267 1241 3324 et
1254 3282 1408 3345 eampum

83 3374 98 3413 ,¹
112 3391 149 3420 ω.
165 3375 213 3421 mr-
259 3361 298 3420 ‹le
317 3358 448 3440 llerwyk
464 3380 563 3441 usque
579 3359 620 3420 ad
636 3358 909 3436 leStandanstan‚
925 3360 1019 3420 etsie
1039 3379 1076 3419 ex
1099 3358 1294 3421 occidentali
1315 3364 1407 3441 parte

81 3451 161 3487 ⁸⁰⁸⁰*
261 3456 345 3516 illius
368 3455 502 3516 eulturae
527 3475 597 3535 quae
624 3460 756 3515 vocatur
782 3453 929 3535 Derling,
955 3461 989 3516 et
1015 3455 1090 3516 inde
1113 3475 1220 3516 versus
1247 3455 1407 3517 orientem

259 3553 342 3611 inter
358 3558 477 3611 terram
493 3556 526 3610 ot.
542 3555 671 3629 pratum
680 3568 779 3631 usque
794 3550 836 3611 ad
847 3550 878 3612 le
889 3551 1079 3628 'l'urnleche‚
1091 3556 1125 3613 at
1139 3552 1184 3612 aie
1196 3572 1305 3613 versus
1315 3552 1408 3635 aqui-

260 3647 363 3707 lonem
374 3667 428 3727 per
438 3665 535 3704 mmm
547 3644 682 3704 ‹livisam
694 3645 778 3705 inter
789 3650 908 3707 terram
917 3646 1074 3708 Willelmi
1087 3643 1232 3728 Saimper
1241 3653 1276 3710 et
1286 3652 1407 3711 terram

257 3743 382 3803 abbatis
397 3763 496 3823 usque
511 3741 551 3801 ad
575 3760 691 3821 aquam
707 3742 746 3802 de
762 3741 864 3804 Blida.
912 3743 964 3804 Ita
979 3743 1065 3824 quod
1085 3764 1143 3805 nec
1164 3764 1226 3826 ego
1240 3744 1407 3807 Johannea

257 3860 314 3899 neo
325 3840 453 3900 heredes
462 3838 526 3899 mei
536 3837 622 3898 ultra
634 3839 801 3918 praediotas
810 3840 927 3901 divinas
936 3859 1041 3901 versus
1050 3840 1217 3922 grangiam
1226 3839 1267 3902 de
1278 3838 1406 3903 Horton

256 3958 313 3996 noe
331 3937 361 3995 in
379 3935 455 3996 villa
467 3932 547 4015 (eie)
562 3935 569 3971 ¹
600 3954 673 3995 aera
687 3940 779 3997 terrae
794 3936 827 3997 in
843 3956 956 4017 eampo
972 3935 1012 3997 de
1033 3934 1157 3998 Berwilr
1173 3956 1269 4017 quam
1285 3936 1408 3999 habue-

258 4040 331 4092 mnt
343 4032 382 4092 de
394 4033 477 4093 dono
486 4030 640 4091 Willelmi
654 4030 804 4105 Flebam,
815 4032 938 4113 aliquid
948 4032 1004 4113 jus
1015 4032 1064 4093 vel
1077 4032 1230 4093 elamirun
1238 4032 1279 4095 de
1288 4038 1407 4097 caetero

255 4129 380 4207 exigere
405 4127 453 4187 vel
477 4127 644 4187 vendicare
674 4128 850 4207 poterimus
872 4129 906 4189 in
937 4133 1139 4210 perpetuum,
1162 4129 1217 4191 sed
1239 4136 1408 4212 perpetuae

256 4226 320 4284 sint
335 4225 404 4283 istan
420 4224 529 4284 (liviam
544 4225 629 4283 inter
645 4222 756 4284 villam
773 4224 813 4285 de
830 4222 954 4286 Berwik
970 4229 1004 4285 et
1025 4226 1194 4307 grangiam
1210 4225 1251 4287 de
1267 4226 1406 4289 Horton.

257 4319 317 4380 l'ro
334 4319 392 4378 huc
409 4325 519 4379 antem
539 4320 740 4380 concessione
757 4340 827 4381 maa
851 4326 884 4382 et
907 4322 1016 4401 quieta
1039 4321 1235 4385 clamaoione
1258 4324 1408 4403 praedict-i

611 4440 619 4469 ¹
640 4437 813 4509 Apparently
825 4446 914 4492 ineant
930 4438 1046 4493 toriello.
