2940 5048
232 366 388 418 errares
415 366 512 418 soon
539 347 758 419 ‘mussans'
784 346 979 434 accersas}
1005 367 1080 422 uro.
1331 345 1401 420 307

78 556 134 620 per
156 556 289 612 annum,
305 535 454 597 videlicet
477 556 533 617 pro
555 536 675 598 eisdem
702 537 848 598 terminis
873 535 956 596 infra
980 542 1107 618 tempus
1132 535 1228 618 hujus

78 636 223 717 computi
240 634 468 696 accidentibus.
515 635 559 696 Et
575 635 615 697 de
631 634 687 716 xiij
706 634 739 695 li.
757 634 788 714 vj
799 656 823 694 s.
847 635 902 715 viij
915 634 946 695 d.
962 635 1002 696 de
1025 633 1118 695 firma
1133 635 1228 695 unius
1255 643 1362 705 Ulgham

47 733 247 817 “graungiae
284 730 418 805 ibidem,
449 736 572 794 vocatae
611 731 752 812 Ulgham
785 731 948 812 Graunge,
979 750 1053 792 cum
1084 729 1228 792 [edificiis
1254 709 1362 771 ΜΨ·

78 828 220 891 firmatio
246 827 369 889 ibidem
398 827 572 908 requisitis,
599 847 636 889 ac
667 847 741 888 cum
771 827 808 909 iij
841 827 955 889 clausis
986 826 1229 889 continentibus

78 925 164 987 inter
181 945 214 986 se
230 943 394 985 macras
411 928 505 986 terrae
526 921 682 998 amabilis,
698 943 763 985 uno
785 923 893 986 clauso
908 924 993 1005 prati
1008 923 1139 997 ibidem,
1154 943 1229 984 con·

79 1022 207 1082 tinente
232 1019 315 1101 iiij¹¹
338 1040 415 1096 aer,
431 1039 496 1080 uno
519 1018 627 1081 clauso
641 1023 756 1081 vocato
779 1018 964 1093 Moreclose‚
981 1019 1166 1081 continente
1180 1018 1224 1100 xij

80 1135 169 1178 acras
184 1121 332 1198 pastura,
344 1121 377 1177 et
393 1135 458 1177 uno
472 1115 579 1177 clauso
594 1119 706 1177 vocato
723 1115 918 1189 Wodcloose‚
934 1116 1118 1177 continente
1134 1114 1225 1196 xxiiij

79 1233 169 1275 acras
183 1218 321 1294 pasturae
336 1212 545 1274 consimiliter
565 1212 600 1272 in
622 1211 772 1273 manibus
794 1211 955 1273 dictorum
978 1231 1081 1293 nuper
1102 1211 1229 1273 abbatis

79 1316 114 1371 et
130 1315 306 1370 conventus
320 1328 421 1389 nuper
430 1311 584 1389 occupato
593 1307 714 1369 ibidem
723 1308 768 1368 sic
777 1307 908 1368 dimisso
920 1307 1075 1389 praedicto
1085 1306 1229 1370 Oswaldo

79 1404 301 1486 Willesthrop,
317 1403 429 1481 militi,
445 1423 502 1486 pro
526 1404 665 1465 termino
687 1403 739 1486 xxj
764 1423 933 1480 annorum,
949 1407 1045 1484 prout
1068 1409 1158 1485 patet
1174 1424 1229 1485 per

80 1499 192 1562 literas
198 1499 343 1561 conscilii
354 1499 501 1583 praedicti
511 1519 696 1580 perannum
708 1498 867 1560 solvendis
876 1498 996 1560 eisdem
1003 1500 1160 1560 terminis.
1185 1500 1230 1562 Et

80 1713 156 1755 cnm
173 1691 316 1754 aedificiis
328 1691 450 1754 ibidem
465 1697 498 1754 et
507 1710 572 1754 uno
583 1690 689 1752 clauso
701 1693 887 1753 continente
897 1711 924 1752 c.
935 1711 1023 1752 acras
1035 1692 1069 1752 in
1081 1691 1231 1753 manibus
1256 1667 1363 1730 OQ*

80 1790 243 1853 dictorum
258 1788 559 1850 commonachornm
579 1788 736 1849 existente
752 1789 797 1850 sic
813 1789 847 1848 in
865 1792 980 1849 tenura
995 1787 1076 1847 dicti
1093 1785 1230 1849 Oswaldi

79 1883 295 1965 Willesthrop
310 1883 428 1945 militis
443 1903 635 1966 perannum
651 1882 808 1944 solvendis
824 1882 864 1943 ad
880 1882 1035 1943 terminos
1053 1882 1231 1963 praedictos,

80 1984 180 2064 prout
194 1981 230 2041 in
253 1981 341 2042 dicto
356 1979 439 2041 libro
458 1979 686 2062 supervisionis
702 1978 796 2060 plene
813 1978 925 2059 liquet.
976 1978 1021 2039 Et
1043 1977 1082 2039 de
1099 1977 1128 2060 vj
1141 1978 1175 2041 li.
1192 1979 1232 2040 de

80 2076 176 2138 firma
191 2077 288 2138 unius
303 2076 470 2158 graungiae
486 2081 608 2137 vocatae
623 2074 847 2149 Westeritton,
862 2093 936 2134 cum
951 2093 1015 2134 uno
1031 2093 1128 2155 parvo
1142 2080 1232 2136 turre
1258 2079 1407 2129 Westritran

80 2172 215 2247 isicem,
245 2177 281 2234 et
309 2172 383 2233 anis
421 2170 567 2233 adificiis
605 2169 710 2232 eidem
741 2169 989 2252 pertinentibus,
1020 2175 1132 2232 vocato
1165 2171 1233 2231 me
1259 2146 1364 2207 &²⁰⁸⁰-

80 2269 294 2330 Whitehousc
309 2268 345 2328 of
356 2267 482 2344 Ritton‚
499 2272 533 2328 et
549 2287 612 2328 uno
635 2265 742 2327 clauso
758 2264 891 2339 ibidem,
907 2266 1095 2326 continente
1110 2287 1130 2326 x
1145 2285 1233 2326 acras

81 2378 177 2427 terrae
200 2363 358 2438 errabitis,
381 2369 417 2425 et
438 2383 502 2425 uno
528 2362 635 2424 clauso
658 2366 796 2444 pasturae
819 2365 929 2423 vocato
945 2361 1073 2423 Winter
1096 2367 1234 2444 pastura,

81 2462 272 2523 continente
294 2480 330 2522 cc
344 2479 433 2521 acras
453 2479 529 2520 cum
551 2458 736 2520 communia
759 2462 898 2540 pasturae
913 2457 1017 2519 eidem
1042 2458 1234 2538 pertinente,

76 2557 209 2639 jacente
220 2555 316 2638 juxta
332 2554 508 2617 Bidisdalle
524 2553 688 2616 consimili
712 2553 807 2615 modo
834 2552 869 2614 in
896 2554 1046 2615 manibus
1073 2555 1233 2616 dictorum

81 2651 384 2716 commonacborum
414 2670 516 2732 nuper
539 2654 706 2731 occupato,
742 2651 787 2711 sic
811 2650 943 2712 dimisso
973 2651 1062 2712 dicto
1090 2649 1234 2713 Oswaldo

82 2748 307 2830 Willesthrop,
323 2746 436 2822 militi,
452 2765 644 2828 perannum
659 2745 817 2807 solvendis
840 2745 963 2807 eisdem
985 2747 1142 2808 terminis.
1190 2747 1235 2808 Et

82 2844 124 2907 de
140 2865 218 2906 xxs.
234 2843 275 2906 de
298 2842 391 2904 firma
406 2843 502 2904 unius
517 2841 683 2923 graungiae
706 2841 828 2903 ibidem
852 2849 972 2904 vocatae
995 2840 1235 2921 Noonnekirke,
1261 2856 1409 2920 Nunnykirk

53 2974 57 2980 ·
82 2961 158 3004 cum
172 2939 268 3003 terris
282 2937 485 3012 arrabilibus,
500 2939 613 3020 pratis,
629 2938 765 3018 pascuis,
780 2942 815 2999 et
837 2938 977 3018 pasturis
1000 2938 1108 3000 eidem
1131 2940 1233 3021 perti·
1260 2923 1369 3010 &⁸⁰⁸⁰ss

83 3037 247 3113 uentibus,
258 3033 399 3117 jacentis
409 3033 506 3116 juxta
517 3032 733 3108 Riddesdalle,
753 3052 856 3114 nuper
868 3034 901 3093 in
912 3032 1061 3093 manibus
1071 3033 1234 3096 dictorum

83 3131 385 3195 commonachorum
397 3135 571 3210 occupatae,
581 3130 626 3190 sic
639 3129 673 3189 in
690 3134 804 3189 tenura
815 3126 937 3189 relictae
953 3127 1072 3210 Rogeri
1083 3129 1234 3210 Fenwyk,

84 3250 141 3313 per
170 3248 293 3291 annum
322 3226 481 3288 solvendis
510 3225 633 3287 eisdem
663 3225 812 3286 terminis
843 3229 938 3306 prout
967 3224 1002 3284 in
1033 3224 1120 3286 dicto
1151 3225 1234 3287 libro

83 3323 313 3407 supervisionis
328 3321 421 3404 plene
432 3321 546 3404 liquet.
577 3320 626 3383 De
640 3320 733 3382 firma
749 3321 815 3382 sive
826 3322 915 3382 exitu
930 3319 1067 3381 dominii
1080 3320 1121 3382 de
1134 3320 1235 3384 Kide-
1259 3349 1373 3400 mm

83 3421 172 3495 land,
177 3418 316 3502 jacentis
323 3417 422 3499 juxta
431 3414 609 3479 marchiam
618 3416 747 3492 Seociae,
754 3415 949 3478 continentis
958 3417 992 3477 in
1002 3415 1141 3478 circuitu
1151 3417 1233 3478 circa
1258 3415 1380 3479 lordship.

84 3514 223 3578 eundem
246 3514 426 3576 dominium
449 3532 506 3594 per
524 3513 774 3575 aestimacionem
794 3511 845 3593 xvj
864 3511 1017 3573 milliaria
1040 3511 1160 3594 absque
1175 3511 1234 3574 ali·

84 3612 201 3694 quibus
211 3609 354 3673 aedificiis
365 3608 498 3686 ibidem,
508 3613 604 3691 prout
615 3609 750 3670 indicto
763 3607 843 3670 libro
854 3609 1076 3690 supervisionis
1090 3614 1233 3691 apparet,

85 3727 148 3769 non
164 3706 272 3769 reddit
286 3725 324 3768 eo
347 3705 432 3787 quod
446 3709 555 3766 totum
577 3704 758 3766 dominium
781 3705 971 3786 praedictum
989 3705 1078 3787 jacet
1094 3709 1234 3783 vastum,

85 3810 120 3866 et
134 3802 260 3865 nullum
276 3800 453 3884 proficuum
467 3800 590 3862 ibidem
607 3800 728 3882 percipi
742 3805 849 3882 potest
863 3806 977 3881 praeter
988 3801 1066 3863 talia
1081 3801 1234 3883 herbagia

84 3899 208 3962 ibidem
230 3903 375 3979 tempore
399 3895 536 3959 aestivali
560 3896 735 3957 manuforti
758 3897 793 3956 in
818 3896 1025 3959 custodiendo
1048 3899 1154 3959 averia
1177 3917 1233 3958 sua

85 3994 218 4071 ibidem,
233 3998 268 4056 et
288 4012 434 4074 expensae
458 3991 598 4054 custodis
618 3991 800 4053 everiorum
823 3991 1050 4073 praedictorum
1074 3992 1230 4055 excedunt

85 4089 264 4174 proficuum
294 4087 438 4169 ejusdem
472 4086 618 4168 herbagii
656 4086 732 4167 quia
767 4086 939 4148 distruitur
976 4088 1144 4149 annuatim
1174 4108 1231 4170 per

84 4187 206 4250 Scotos.
253 4184 317 4248 Sed
332 4183 439 4247 reddit
455 4183 495 4245 de
511 4181 580 4264 xiiij
607 4182 642 4243 li.
659 4181 699 4244 de
722 4181 814 4243 firma
831 4181 874 4264 vij
900 4182 1123 4245 salinariorum
1145 4183 1231 4265 apud
1255 4200 1400 4261 Selinusia,

84 4280 289 4358 Blitbesnok,
304 4300 378 4343 cum
394 4299 458 4341 una
475 4279 571 4340 domo
585 4278 743 4360 gamaria,
759 4281 793 4339 et
809 4277 932 4339 mirera
953 4278 1127 4340 carbonum
1147 4280 1232 4361 quod
1256 4268 1310 4383 {2⁵¹
1321 4269 1394 4383 ἔξω»

84 4399 188 4463 nuper
203 4378 301 4440 abbas
317 4380 350 4437 et
373 4379 549 4438 conventus
570 4374 653 4435 dicti
675 4393 780 4455 nuper
796 4374 979 4435 monasterii
1003 4374 1182 4437 habuerunt
1198 4377 1232 4436 in
1257 4368 1366 4449 Bulbos·

84 4480 273 4560 perpetuam
290 4473 416 4535 firmam
433 4471 472 4532 de
488 4472 636 4552 episcopo
649 4469 873 4530 Dunollmeusi
889 4469 948 4531 sub
962 4470 1093 4533 annruli
1106 4472 1234 4533 redditu
1258 4466 1316 4516 Μ

630 4583 678 4626 xa
