2940 5048
523 323 781 379 BDNEFAOE'ORS.

147 497 242 560 Anno
264 495 396 559 Domini
422 494 638 572 mcccoxxxiv,
661 493 745 557 obiit
772 494 904 558 domina
925 493 1116 559 Elisabetha
1138 493 1229 556 baro·

74 597 164 658 nisss
186 595 226 657 de
249 591 419 670 Grastolre‚
442 597 477 655 et
494 591 586 675 jacet
607 593 642 654 in
664 590 798 653 ecclesia
819 591 958 653 fratrum
981 590 1229 673 praedicatorum

77 690 229 755 Eboraci.

145 874 241 935 Anno
272 871 405 935 Domini
440 870 655 946 mooocmvi,
678 873 767 932 sexto
789 868 855 932 lral.
877 869 1037 946 Januarii,
1059 870 1142 933 obiit
1172 870 1230 932 do·

79 972 187 1034 minus
212 969 373 1032 Robertus
395 968 437 1031 de
462 966 641 1032 Umfravils
656 967 761 1044 miles,
777 967 928 1030 dominus
950 968 992 1030 do
1017 966 1124 1050 Kyma
1140 966 1229 1031 etde

81 1066 264 1130 Rcdisdale.

147 1251 242 1312 Anno
271 1247 404 1311 Domini
434 1248 646 1325 mccccxxxvi,
670 1252 759 1311 sexto
783 1248 855 1310 idus
881 1247 1032 1331 Augusti,
1056 1247 1138 1309 obiit
1168 1248 1231 1330 piae

81 1346 247 1408 memoriae
268 1345 415 1407 dominus
437 1344 458 1408 J
460 1345 599 1407 ohannes
614 1343 691 1407 baro
706 1345 747 1407 do
763 1343 937 1427 Graystok,
953 1345 1009 1427 qui
1032 1343 1124 1406 dedit
1138 1344 1231 1406 nobis

82 1463 124 1504 xx
139 1441 176 1504 li.
191 1440 233 1504 ad
248 1461 327 1524 opus
342 1441 494 1518 ecclesiae,
510 1441 591 1503 item
606 1438 640 1502 xl
656 1440 691 1504 li.

149 1618 242 1678 Anno
258 1615 392 1678 Domini
406 1615 648 1693 mccccmviii,
662 1617 698 1677 in
713 1615 766 1678 die
782 1613 814 1679 S.
828 1613 986 1690 silvestri,
1001 1615 1085 1678 obiit
1098 1615 1231 1678 domina

84 1711 230 1788 Isabella,
254 1732 332 1774 uxor
358 1711 504 1793 proedieti
529 1712 652 1774 domini
680 1711 815 1774 Roberti
841 1711 1031 1787 Umfravile,
1054 1717 1089 1775 et
1118 1711 1232 1795 jacent

84 1808 182 1872 simul
196 1808 238 1871 cd
253 1807 355 1871 altare
370 1806 405 1871 S.
420 1807 535 1870 Marito
549 1806 762 1891 Magdnlenae.

151 1983 245 2045 Anno
268 1982 400 2044 Domini
430 1981 582 2060 mccocrl,
603 1983 638 2043 in
664 1981 779 2065 vigilia
801 1981 833 2044 S.
857 1981 958 2045 Kath.
981 1960 1127 2067 virginis,
1150 1983 1233 2046 obiit

86 2079 208 2141 Elizsb.
232 2099 311 2141 uror
333 2079 451 2160 Rogeri
473 2078 639 2141 Thomton
661 2079 824 2161 armigeri,
840 2099 911 2161 quae
933 2079 998 2142 fuit
1019 2080 1087 2142 filia
1108 2080 1232 2143 domini

85 2175 106 2239 J
107 2177 159 2237 oh.
175 2176 302 2238 baronis
318 2175 358 2236 de
374 2172 546 2257 Graystok.

151 2352 245 2413 Anno
272 2349 406 2412 Domini
433 2350 647 2430 mcccclxviii,
668 2351 728 2413 xiii
750 2350 816 2414 kal.
839 2351 971 2434 Aprilis,
993 2351 1078 2415 obiit
1104 2352 1235 2415 domina

85 2447 274 2510 Elisabeths
288 2446 450 2510 boronissa
464 2446 505 2510 de
520 2447 710 2531 Graystoke.

153 2624 248 2686 Anno
264 2623 395 2685 Domini
419 2624 616 2697 mcccclxxii,
631 2624 712 2685 xviii
728 2622 781 2686 die
802 2623 898 2702 Julii,
914 2623 999 2687 obiit
1019 2624 1151 2687 domina
1166 2624 1236 2687 Eli-

86 2719 224 2783 zabetha
255 2719 419 2801 quondam
442 2739 522 2780 uxor
544 2720 692 2802 magistri
715 2719 862 2798 Roberti,
885 2722 1097 2803 primogeniti
1113 2721 1236 2784 domini

88 2815 395 2975 fflpfflmis
418 2815 458 2879 de
481 2815 642 2900 Graystok
664 2821 700 2879 et
712 2816 871 2894 Wemme,
885 2817 976 2909 cujus
997 2819 1114 2882 animae
1129 2819 1237 2951 propi-

155 3097 248 3158 Anno
275 3095 408 3158 Domini
437 3093 669 3170 mcccclxxxiii,
695 3114 736 3155 xv
763 3093 827 3156 kal.
854 3094 949 3172 Julii,
976 3096 1060 3160 obiit
1088 3097 1237 3161 dominus

88 3192 250 3255 Robertus
273 3190 445 3274 Graystok‚
460 3191 694 3275 primogenitus
715 3190 840 3253 domini
862 3189 1025 3275 Radulphi
1048 3192 1176 3256 baronis
1197 3194 1238 3256 de

91 3287 272 3373 Graystoke
286 3292 321 3351 et
336 3288 495 3350 Womme.

156 3464 251 3526 Anno
274 3463 404 3526 Domini
427 3462 666 3538 mcccclxxxvii,
688 3463 773 3525 obiit
794 3463 926 3527 inclitus
948 3464 1096 3528 dominus
1118 3465 1239 3528 deul-

91 3562 184 3644 phus‚
214 3560 364 3623 dominus
391 3560 432 3623 de
463 3558 624 3643 Graystok
653 3563 687 3622 et
718 3558 874 3637 Wemmo,
901 3563 1006 3643 primo
1036 3562 1091 3625 die
1119 3565 1239 3625 mensis

90 3657 196 3721 Junii.

157 3833 253 3990 Anan
275 3831 407 3895 Domini
429 3830 620 3910 mcccoxcix,
636 3830 718 3893 obiit
740 3831 871 3895 domina
893 3831 1023 3910 Cecilia,
1046 3833 1178 3898 domina
1199 3836 1239 3898 de

91 3928 230 4012 Graysto
256 3973 264 3990 .

90 4109 156 4146 nour
167 4091 259 4146 which
277 4089 352 4162 plsoe
368 4088 433 4160 thoy
445 4087 498 4142 had
514 4093 613 4143 estates
629 4086 727 4142 settled
745 4104 779 4141 on
796 4088 870 4142 thom
883 4089 973 4144 which
990 4091 1057 4164 thoy
1069 4109 1150 4148 novor
1165 4094 1239 4149 took.

92 4173 186 4240 (Gertz.
205 4171 281 4240 May.
299 4169 373 4240 Sept
393 4167 485 4238 1866.)
524 4167 616 4237 Rogor
636 4165 776 4220 Thomton
795 4184 851 4222 was
871 4168 918 4223 tho
938 4186 987 4224 son
1005 4171 1036 4226 of
1052 4189 1069 4226 s
1088 4172 1240 4229 Nswcmtlo

89 4251 231 4306 merchant
242 4249 274 4304 of
282 4248 329 4302 the
341 4264 413 4302 samo
424 4263 512 4316 name,
523 4245 555 4300 of
563 4245 654 4299 whom
666 4243 690 4299 it
700 4261 756 4299 was
769 4244 834 4315 said,

306 4373 363 4426 ‘At
374 4371 422 4427 tho
437 4371 565 4442 Wssgsto
576 4387 651 4426 como
662 4370 802 4425 Thornton
814 4371 852 4440 in,

323 4452 406 4506 With
418 4468 435 4506 s
445 4451 500 4524 hap
509 4452 562 4508 ond
573 4468 591 4505 c
602 4449 748 4523 holiponny
760 4451 788 4506 in
800 4468 817 4505 o
828 4451 906 4507 rum’s
917 4451 995 4508 skin’
