2940 5048
434 350 483 402 ΒΕ
508 348 602 404 Novo
628 349 865 405 MONAS'I'ERIO.

55 514 268 599 Angerham,
282 519 348 583 sine
364 520 458 583 omni
473 520 697 583 accausacione
712 519 934 583 liberabuntur
956 522 1132 583 secundum
1148 542 1223 585 con·

57 615 275 679 suetudinem
289 621 323 680 et
338 616 450 700 legem
464 618 638 679 comitatus
651 616 684 678 N
685 618 914 692 orthumbriac3
937 618 1088 681 similiter
1103 620 1131 680 si
1146 640 1220 682 oves

59 712 114 773 vel
129 713 244 776 averia
258 714 339 777 dicti
354 713 508 777 Gaufridi
523 712 573 776 vel
589 714 742 776 heredum
762 734 892 775 suorum
915 735 990 776 casu
1011 716 1220 799 contingente

61 806 152 871 ultra
180 809 355 892 praedictas
384 810 503 873 divisas
532 811 720 872 transierint
746 811 781 871 in
808 809 928 872 claram
959 818 1085 892 partem
1112 834 1219 877 versus

63 906 250 981 monachos,
265 906 334 969 sine
354 907 445 968 omni
468 906 691 969 aocausacionc
710 905 930 968 liberabuntur
954 911 1129 972 secundum
1144 931 1219 973 con-

65 1001 272 1065 suetudinem
298 1007 332 1064 et
357 1002 464 1085 legem
485 1003 659 1065 comitatus
684 1002 937 1067 Northumbriae.
984 1006 1078 1067 Hanc
1107 1013 1216 1069 autern

65 1099 318 1162 convencionem
340 1103 476 1182 utraque
506 1119 579 1182 pars
612 1098 706 1162 alteri
732 1100 871 1163 servabit
897 1102 932 1163 in
964 1108 1155 1184 perpetuum
1183 1107 1217 1166 et

66 1195 270 1259 varautabit.

130 1388 259 1451 Notum
282 1389 326 1452 sit
349 1389 498 1452 omnibus
516 1389 716 1472 adquorum
740 1389 894 1452 noticiam
918 1392 1021 1453 litera>
1045 1397 1213 1474 praesentes
1300 1405 1325 1471 j·

66 1484 255 1548 devenerint
272 1485 360 1568 quod
374 1486 443 1548 haeo
462 1491 538 1548 sunt
556 1486 627 1547 loca
640 1488 680 1549 de
695 1487 811 1568 quibus
826 1506 886 1567 ego
900 1487 1059 1569 Magister
1073 1489 1268 1551 Thomas¹
1238 1471 1313 1522 Tieth
1300 1490 1327 1523 ⁸

66 1600 200 1664 persona
222 1580 264 1644 de
287 1581 455 1645 Alventon
477 1583 580 1665 petivi
604 1581 744 1645 decimas
768 1582 809 1644 ab
831 1583 958 1646 Abbate
982 1592 1016 1646 et
1040 1604 1104 1647 mo,
1128 1584 1212 1647 Novi
1237 1540 1381 1658 ulbebnltbto

65 1676 169 1754 Mon„
191 1678 314 1740 scilicet
344 1677 507 1740 Kideland
536 1698 611 1741 cum
637 1679 856 1761 pertinenciis,
880 1679 1033 1761 Superius
1058 1680 1212 1761 Kidland,

65 1772 243 1857 Holehope,
258 1774 442 1857 Apetreley‚
456 1774 633 1850 Elfenseth,
649 1774 873 1851 Whitebume‚
889 1776 1023 1858 Rubope
1043 1798 1119 1838 cum
1142 1798 1214 1859 per·

65 1871 226 1947 tincnciis,
241 1872 377 1949 scilicet,
398 1872 605 1955 Hemispcth,
621 1872 808 1954 Heppeden,
824 1871 937 1945 Turfit
953 1877 986 1932 et
1001 1873 1041 1934 de
1056 1874 1119 1933 hiis
1134 1872 1213 1934 locis

1236 1982 1286 2016 aa.
1302 1971 1373 2019 1233.

129 2158 256 2223 Notum
277 2161 321 2223 sit
343 2160 492 2224 omnibus
510 2161 708 2244 adquorum
732 2161 888 2223 noticiam
913 2159 1017 2221 literae
1041 2167 1212 2241 praesentes
1298 2156 1332 2222 ij·

64 2257 283 2339 pervenerint,
298 2258 383 2339 quod
406 2278 480 2320 cum
502 2258 657 2341 magister
672 2258 810 2319 Thomas
834 2276 967 2339 persona
989 2256 1030 2317 de
1045 2257 1211 2319 Alwenton
1236 2223 1359 2339 maffia
1318 2231 1388 2273 ruent

64 2356 190 2435 peteret
203 2352 248 2415 ab
266 2353 385 2416 abbate
407 2357 442 2415 et
461 2354 626 2415 monachis
640 2352 672 2414 N
674 2373 726 2414 ovr
717 2353 832 2414 Mon.
848 2352 1002 2434 quasdam
1017 2352 1157 2414 decimas
1174 2352 1213 2413 de
1235 2355 1321 2470 ΤἪ
1324 2355 1388 2469 Ιιέἰῑὴ

63 2447 204 2531 Hepden
219 2453 254 2511 et
267 2449 460 2559 quibusdam
474 2450 548 2512 aliis
568 2451 697 2531 pertin„
713 2454 751 2510 ut
766 2448 850 2510 dixit
866 2449 972 2532 (sla),
987 2450 1028 2511 ad
1045 2421 1275 2511 ecclesiamTh
1236 2437 1321 2537 reio*
1324 2437 1358 2535 ¹⁸'f

62 2542 103 2607 de
117 2544 288 2607 Alvvcnton
308 2545 435 2607 racione
449 2544 620 2627 parochiae,
640 2549 759 2654 partes,
774 2544 871 2606 abbas
890 2544 1013 2607 scilicet
1027 2551 1061 2607 et
1076 2564 1212 2608 eonven-
1236 2554 1376 2605 alverton

63 2645 165 2703 tuscx
178 2660 245 2703 una
258 2644 362 2723 parte,
377 2646 411 2703 et
425 2640 598 2723 pradictus
612 2642 729 2723 magist
732 2660 766 2702 er
716 2638 916 2701 tThomas
934 2661 974 2701 ex
989 2641 1100 2719 altera,
1110 2641 1213 2723 clege-

62 2742 138 2799 mut
151 2756 210 2799 nos
223 2737 371 2815 arbitros,
380 2736 513 2812 scilieet,
522 2736 723 2819 Stephanum
738 2736 888 2799 abbatem
904 2737 944 2798 de
960 2737 1077 2818 Salley‚
1092 2743 1127 2800 et
1141 2758 1211 2800 ma·

62 2833 203 2915 gistnrm
218 2832 257 2895 A.
272 2833 532 2896 archidiaconum
545 2832 799 2907 Nerthumhriae‚
810 2836 844 2894 et
859 2832 993 2894 Petrum
1006 2834 1163 2895 vicariurn
1172 2835 1212 2897 de

62 2926 272 3011 Swynburne,
294 2933 329 2992 et
343 2928 545 2991 Willelmum
560 2927 601 2991 de
621 2928 769 3010 Mikeley
783 2928 993 2991 senescallum
1015 2929 1156 2992 Gilberti
1173 2932 1213 2994 dc

63 3024 252 3103 Umfrauill,
271 3030 307 3088 et
324 3024 487 3107 Rogerum
502 3024 542 3088 de
558 3024 723 3106 Horscley‚
738 3029 777 3085 ut
800 3044 857 3086 nos
878 3025 1066 3106 praedictam
1086 3031 1212 3088 contro-

62 3121 200 3183 versiam
222 3140 280 3203 per
301 3120 474 3184 arbitrium
489 3120 712 3184 diffiniremus.
750 3120 795 3181 Et
810 3140 877 3197 nos,
892 3121 1013 3182 auditis
1028 3122 1209 3183 racionibus

61 3218 231 3300 utriusque
244 3218 347 3300 partis
362 3221 396 3280 et
410 3217 591 3300 privilegiis
605 3217 733 3280 abbatis
747 3221 781 3279 et
792 3217 1022 3279 monachorum
1036 3216 1212 3297 diligenter

61 3313 228 3397 inspectis,
241 3314 292 3376 ita
306 3334 417 3375 sumus
431 3313 630 3376 concorditer
644 3311 805 3391 arbitrati,
827 3318 866 3374 ut
888 3311 1052 3390 videlicet,
1067 3312 1161 3373 salvis
1176 3313 1212 3373 in

61 3409 212 3473 omuibus
227 3409 405 3492 privilegiis
423 3409 609 3472 eorumdem
625 3409 866 3484 monachorum,
886 3406 984 3469 abbas
1005 3412 1039 3468 et
1060 3408 1211 3469 monachi

62 3524 120 3588 pro
133 3504 220 3567 bono
233 3506 321 3589 pacis
335 3505 448 3568 darent
463 3505 633 3567 annuatim
648 3525 790 3586 personae
806 3504 846 3567 de
861 3504 1027 3565 Alwenton
1039 3504 1210 3565 dimidiam

61 3620 206 3663 marcam
228 3600 367 3683 argenti,
382 3598 448 3662 et
433 3619 447 3682 J
474 3600 639 3663 libram
606 3601 726 3682 piperis
741 3599 791 3680 (et
807 3619 905 3661 unam
922 3597 1040 3660 libram
1056 3598 1207 3682 incensi)¹
1235 3620 1335 3685 Apoun
1336 3622 1352 3670 ,ι

60 3698 102 3761 ad
113 3697 234 3760 festum
245 3695 359 3760 Sancti
366 3695 547 3772 Michaelis,
556 3699 594 3758 ut
605 3697 709 3757 omnis
721 3697 935 3758 controversia
949 3701 983 3757 et
994 3697 1097 3757 omnis
1109 3716 1211 3778 quaes·
1234 3687 1312 3802 ⁰er
1305 3704 1352 3752 Ple
1353 3704 1373 3749 1

61 3794 109 3855 tio
122 3794 212 3856 inter
234 3812 288 3855 eos
302 3796 392 3855 mota
415 3812 509 3875 super
523 3792 659 3854 decimis
683 3798 752 3853 tam
776 3791 863 3853 bladi
889 3811 987 3872 quam
1011 3791 1148 3853 aliorum
1168 3791 1209 3852 de
1234 3834 1306 3893 pour«
1275 3819 1316 3867 ull
1328 3820 1357 3868 of

60 3894 176 3953 cetero
187 3889 358 3971 sopiretur
373 3893 408 3951 et
422 3888 482 3951 hoc
490 3888 662 3950 arbitrium
678 3892 815 3968 utraque
831 3908 903 3969 pars
919 3886 1119 3969 approbavit.
1166 3886 1242 3948 Et¹
1243 3900 1338 3936 11111111

61 3986 215 4068 magister
227 3984 367 4046 Thomas
388 3983 473 4046 bona
493 3983 556 4047 fide
572 3984 723 4065 promisit
745 3983 862 4064 quod'
853 4002 922 4064 rpse
944 3986 1129 4063 procuraret
1151 4002 1209 4063 pro

59 4100 149 4163 posse
172 4078 261 4163 quod
287 4079 436 4142 dominus
462 4099 548 4163 papa
573 4079 623 4140 vel
649 4078 762 4141 saltim
787 4079 936 4140 dominus
954 4077 1106 4139 Dunelm.
1123 4078 1207 4159 epis-

59 4196 154 4259 copus
168 4176 231 4239 hoc
246 4174 417 4237 arbitrium
432 4175 635 4238 confirmaret
655 4180 689 4236 et
712 4174 772 4236 hoc
795 4173 923 4256 paralel
943 4172 1113 4233 arbitrium
1136 4192 1208 4253 pro-

58 4278 185 4335 curaret
217 4290 277 4355 per
299 4271 426 4333 eosdem
459 4271 643 4353 perpetuari
673 4289 730 4352 pro
760 4289 860 4351 posse.
906 4268 950 4329 Et
975 4274 1014 4329 ut
1035 4268 1207 4330 arbitrium

58 4376 206 4433 nostrum
229 4370 339 4430 ratum
361 4367 405 4429 sit
426 4368 513 4429 inter
535 4370 641 4450 partes
663 4370 698 4428 et
720 4364 860 4438 firmum,
885 4384 1021 4447 praesens
1051 4366 1208 4448 scripturn

294 4490 304 4522 ¹
321 4488 444 4544 haerted
455 4489 483 4543 in
497 4490 608 4559 margin.
716 4487 727 4519 ²
745 4488 797 4551 Qu.
811 4492 902 4555 ‘cvera
912 4486 988 4559 just!

624 4588 646 4633 G
