2954 5040
508 317 557 368 on
582 317 676 369 soro
703 314 939 368 uosisrnnro.
1427 286 1475 357 33

132 493 227 551 terra.
276 487 325 548 Et
352 487 522 549 sciendum
548 487 633 569 quod
657 486 804 568 quiedam
830 485 881 545 via
907 503 1068 545 remanere
1092 483 1185 546 debet
1208 489 1295 543 extra
1323 485 1435 547 wsggon

132 584 291 647 [emerim
306 583 542 644 monachorum
555 583 645 645 sicud
659 582 769 645 dixisse
783 582 823 643 de
839 581 967 642 Hortun
978 590 1010 641 et
1028 578 1161 661 Berwyk
1178 579 1295 640 vadunt
1322 550 1474 679 ffiffl'yfm

132 680 167 741 in
180 680 360 762 petariam,
376 700 433 761 per
455 699 555 761 quam
570 680 657 740 viam
670 678 814 740 homines
829 697 903 739 cum
923 677 1084 759 quadrigis
1099 677 1162 737 suis
1178 676 1298 758 possint

134 777 257 839 intrare
271 782 309 838 et
322 777 410 838 exire
424 775 468 837 ad
483 775 640 857 petariam
654 794 751 857 quam
773 774 895 835 retineo
912 779 1001 834 extra
1017 773 1171 855 petariam
1188 792 1297 832 mona-

137 873 285 936 chonnn.
331 872 395 934 Pro
410 878 496 933 iens
510 878 620 933 autem
635 871 788 954 praedicta
804 876 839 932 et
860 891 918 953 pro
942 877 1031 952 parte
1056 870 1186 951 petariae
1201 874 1296 950 prout
1321 877 1383 926 Fine
1394 877 1424 925 os

138 969 281 1031 numm
291 969 512 1031 assuerunt
531 968 612 1029 mni
624 967 768 1050 predicti
780 967 927 1028 monaehi
942 966 1167 1048 aporema)
1179 965 1295 1047 viginti
1319 943 1472 1068 3333}

141 1086 264 1127 mareas
285 1072 322 1127 et
343 1063 511 1126 Willelmo
537 1063 644 1126 heredi
668 1083 740 1124 meo
764 1084 864 1124 unum
888 1062 1007 1124 catur’¹
1030 1063 1128 1145 precii
1143 1084 1183 1123 xx
1204 1083 1240 1140 s,
1260 1067 1294 1122 et
1320 1075 1474 1129 luscius..

142 1162 257 1224 exinde
268 1162 406 1223 reddent
414 1160 497 1221 mihi
505 1165 541 1221 et
551 1160 717 1222 heredibus
727 1161 805 1222 meis
819 1161 986 1222 annuatim
1000 1181 1021 1221 x
1035 1159 1107 1222 libr.
1122 1161 1163 1221 ed
1178 1159 1295 1220 Pente-
1319 1141 1472 1255 fflsflffl

144 1264 264 1334 costen,
273 1264 308 1319 et
323 1278 381 1319 nos
395 1257 440 1319 eis
458 1257 646 1339 praedictam
661 1261 779 1318 terram
788 1277 862 1317 cum
872 1257 1001 1339 poteriis
1016 1255 1295 1318 manutenebimus
1320 1274 1382 1324 elo.

143 1361 176 1417 et
192 1374 269 1415 war.
286 1359 398 1415 contre
412 1373 533 1430 omnes,
548 1358 609 1415 etc.
655 1352 746 1426 Quod
767 1353 793 1413 si
809 1353 890 1414 forte
904 1353 1019 1434 aliquis
1034 1353 1073 1415 de
1089 1354 1240 1435 praedicta
1255 1351 1296 1413 el.

144 1455 251 1513 nostra
265 1449 391 1532 aliquid
405 1449 574 1511 adversum
587 1469 644 1510 nos
668 1449 863 1511 diraeionare
879 1450 1008 1530 poterit,
1023 1470 1079 1511 nos
1105 1469 1178 1510 eum
1203 1469 1297 1530 paca-

144 1547 261 1623 bimus‚
287 1546 336 1607 ita
359 1553 398 1607 ut
426 1545 587 1627 praedioiis
612 1545 774 1606 monachis
800 1545 869 1626 ipse
903 1545 943 1608 el.
979 1546 1104 1627 integra
1130 1550 1164 1606 ei
1188 1546 1297 1627 quieta

145 1646 387 1725 permaneat,et
401 1641 464 1723 ipsi
479 1641 560 1701 mihi
575 1648 608 1702 et
623 1640 791 1702 heredibus
806 1641 885 1702 meis
900 1648 933 1702 et
945 1643 1033 1703 uxori
1046 1661 1126 1704 mese
1140 1647 1174 1703 et
1190 1641 1297 1703 fratri-

145 1738 203 1800 bus
232 1739 314 1800 meis
339 1757 544 1800 communem
558 1736 840 1818 perticipacioncm
872 1737 989 1799 ordinis
1014 1739 1233 1812 concesserint,
1263 1743 1298 1798 et
1322 1742 1466 1806 Fmtomity

146 1834 346 1917 sepulturam
361 1840 435 1917 post
449 1838 586 1895 mortem
600 1834 626 1894 si
643 1832 846 1911 voluerimus,
860 1838 922 1895 eie.
1322 1809 1467 1924 medul-

214 2026 358 2110 Regesne
373 2025 459 2088 filius
475 2025 593 2108 Rogeri
607 2025 755 2088 Bertram
770 2027 809 2089 de
825 2025 971 2105 Mitford,
985 2027 1132 2091 salutem.
1167 2028 1298 2090 Noveri-
1384 2038 1415 2103 ij·

147 2127 189 2187 iis
204 2144 258 2185 me
272 2143 331 2205 pro
344 2121 401 2184 sel.
417 2123 534 2184 animae
549 2142 639 2200 meae,
654 2127 728 2199 etc,
745 2122 817 2184 ded.
833 2143 920 2185 cone.
935 2128 970 2185 et
984 2144 1016 2206 p.
1032 2144 1061 2185 c.
1076 2125 1159 2187 conf.
1182 2125 1250 2186 Deo
1264 2132 1298 2187 et
1322 2105 1474 2220 {2323st

148 2222 186 2285 Β.
202 2220 327 2296 Maiiae,
343 2218 424 2280 Abb.
440 2224 475 2279 ei
498 2219 660 2279 monachis
675 2218 758 2279 Novi
779 2218 869 2280 Mon.
885 2220 918 2280 in
941 2219 998 2284 lib.
1014 2239 1081 2302 pur.
1097 2227 1132 2283 et
1153 2241 1241 2303 perp.
1256 2223 1296 2283 el.
1322 2238 1394 2287 dmin
1406 2237 1450 2285 tho

146 2319 187 2380 ad
217 2315 401 2378 faciendum
431 2333 532 2375 unum
560 2315 713 2375 fossatum
746 2334 839 2396 super
867 2319 985 2377 terram
1014 2336 1119 2378 meam
1148 2339 1167 2379 a
1197 2319 1297 2380 divisa
1322 2305 1433 2367 enemy,

147 2414 279 2497 petariae
316 2412 476 2474 diciorum
512 2410 737 2472 monachorum
767 2432 872 2474 versus
902 2414 1099 2476 occidentem
1129 2435 1227 2496 usque
1256 2417 1297 2478 ad
1323 2370 1474 2500 {licllllja

148 2511 266 2574 divisas
282 2509 321 2571 de
344 2505 470 2569 Berwik
491 2511 526 2568 et
539 2506 705 2589 Vttewyth
727 2508 769 2570 ad
792 2509 993 2571 educendum
1015 2530 1133 2592 aquam
1156 2513 1297 2575 dedicta
1323 2511 1385 2552 ⁰⁰¹¹&

148 2606 273 2690 petatis
295 2624 352 2665 sua
371 2610 406 2665 et
427 2604 469 2665 ad
491 2604 705 2666 renovandum
729 2605 814 2665 idern
838 2604 990 2666 fossatum
1015 2608 1299 2690 quocienscumque

148 2708 181 2765 et
205 2701 472 2785 quandocumque
494 2698 661 2777 voluerint,
676 2700 743 2761 sine
766 2701 986 2782 inpedimento
1000 2703 1065 2764 mei
1080 2703 1130 2765 vel
1147 2705 1299 2766 heredum

150 2799 200 2860 vel
231 2797 400 2858 hominnm
426 2814 580 2857 meorum.
625 2794 781 2857 Praeterea
805 2802 908 2857 iotam
933 2796 1024 2859 illam
1054 2800 1202 2880 placiam,
1230 2823 1300 2883 quas

144 2894 236 2977 jacet
249 2895 335 2954 inter
349 2892 474 2954 dictum
496 2891 648 2952 fossatum
669 2897 704 2953 et
727 2896 844 2953 terram
867 2892 988 2956 cultam
1012 2895 1170 2957 dictorum
1192 2919 1301 2961 mona-

149 2992 285 3053 chorum
300 2988 454 3070 usquead
470 2987 571 3049 dictas
586 2988 701 3050 divisas
716 2988 755 3050 de
776 2987 899 3050 Berwik
916 2996 950 3051 et
964 2990 1142 3074 Vitewyth,
1158 2994 1251 3056 fuisse
1267 3005 1301 3058 et

148 3105 215 3147 esee
219 3085 276 3167 jus
290 3083 462 3145 eorundem
471 3102 704 3164 recognoscens,
715 3084 760 3144 eis
775 3104 846 3145 eam
858 3086 1015 3168 resignavi
1023 3094 1057 3149 ei
1072 3090 1252 3169 restibiliet
1267 3095 1300 3155 in

148 3182 205 3244 lib.
221 3202 294 3264 pur.
309 3186 344 3241 et
359 3199 445 3261 perp.
461 3178 502 3240 el.
517 3179 738 3260 possidendam
752 3182 900 3261 praeeenti
915 3189 1003 3246 caria
1018 3205 1089 3248 mea
1108 3187 1212 3250 dando
1227 3211 1301 3252 con-

148 3278 287 3340 firmavi.
318 3275 364 3336 Et
379 3295 438 3357 ego
447 3273 589 3357 Rogerus
599 3280 633 3336 et
642 3275 708 3338 her.
718 3277 782 3336 mei
792 3277 915 3339 dictum
925 3278 1076 3343 fossatum
1092 3305 1301 3368 cumrepara·

147 3376 240 3436 cione
261 3379 296 3434 et
318 3371 534 3448 renovacione,
555 3377 589 3432 ei
613 3372 799 3453 praedictam
822 3373 960 3455 placiem
983 3398 1057 3439 cum
1082 3383 1195 3461 pertin.
1212 3385 1301 3445 sicud

150 3470 267 3533 melius
284 3474 319 3530 et
334 3468 458 3550 plenius
472 3468 691 3549 supradictum
706 3473 765 3546 esi,
781 3470 939 3550 praedictis
954 3472 1025 3536 abb.
1042 3482 1076 3537 et
1091 3498 1175 3540 mon.
1192 3488 1301 3543 cont-ra

150 3587 261 3630 omnes
276 3565 421 3627 homines
436 3583 509 3627 war.
524 3569 559 3626 et
568 3564 773 3627 defendemus
782 3566 816 3626 in
829 3575 1029 3650 perpetuum.
1068 3573 1140 3637 Hiis
1155 3578 1301 3641 testibus.

219 3759 366 3841 Rogatus
382 3756 467 3819 filius
482 3755 601 3839 Rogeri
617 3756 765 3821 Beriram
786 3759 826 3822 dc
840 3758 988 3839 Mitford,
1004 3764 1151 3829 salutem.
1197 3770 1303 3833 Nove.
1384 3780 1423 3844 iij·

153 3857 224 3920 ritis
239 3877 294 3917 me
309 3875 367 3938 pro
388 3853 446 3916 sal.
463 3873 514 3915 an.
530 3872 610 3915 meae
632 3857 666 3914 et
681 3875 734 3917 ux.
751 3875 830 3917 meae
847 3862 880 3918 et
903 3877 989 3920 omn.
1006 3867 1108 3924 antec.
1125 3865 1240 3927 ether.
1256 3887 1302 3929 m.
1328 3847 1464 3903 Q⁰l¹⁰¹ll¹¹¹

152 3953 224 4016 ded.
236 3973 325 4015 conc.
338 3951 508 4025 remisisse,
520 3949 685 4024 relaxasse,
697 3950 899 4029 condonasse,
912 3958 946 4015 et
961 3975 1081 4037 prome
1097 3965 1131 4020 et
1146 3960 1212 4022 her.
1223 3964 1302 4024 meis
1327 3915 1462 4029 11011111ιοί

152 4052 211 4113 hac
226 4070 320 4133 praes.
337 4053 427 4109 carta
443 4066 515 4107 mea
530 4045 676 4128 quietum
691 4046 843 4109 clamasse
858 4054 892 4110 ei
910 4052 1113 4116 confirmasse
1129 4055 1199 4119 Deo
1215 4076 1249 4122 ei
1264 4060 1301 4123 B.
1328 4047 1468 4161 palliastri

154 4146 278 4222 Mariae,
294 4142 379 4205 Abb.
395 4146 430 4203 et
456 4139 621 4202 monachis
644 4140 728 4203 Novi
743 4141 833 4206 Mon.
854 4144 889 4204 in
913 4144 971 4208 lib.
997 4170 1068 4231 pur.
1090 4158 1124 4213 et
1150 4174 1238 4238 perp·
1262 4157 1301 4220 el·
1339 4130 1385 4164 uw.

207 4298 214 4327 ¹
233 4297 290 4350 The
305 4296 349 4351 ‘t’
360 4295 390 4349 in
411 4293 459 4349 the
472 4293 530 4346 MS.
552 4292 575 4347 is
595 4293 743 4364 peculiarly
755 4295 867 4366 formed,
887 4299 940 4351 ond
962 4317 1023 4373 may
1036 4305 1152 4378 possibly
1164 4308 1197 4363 be
1217 4329 1233 4364 a
1255 4314 1304 4368 ‘a’

155 4373 336 4510 girettzmsusvpr
360 4373 502 4428 Obscurus
519 4371 542 4427 is
561 4390 577 4425 a
598 4371 714 4444 huntiug
735 4372 812 4428 horse
833 4392 863 4428 or
883 4376 984 4435 hound.
1021 4384 1071 4440 Sec
1093 4387 1200 4444 Jacob’s
1222 4393 1304 4448 ‘Law

742 4556 763 4600 D
