2940 5048
451 321 498 373 DE
523 320 617 373 NOVO
642 320 880 374 Monammo,

63 502 200 548 murum
215 488 310 552 inter
328 493 452 553 terram
472 509 563 553 enam
583 494 619 552 et
640 509 757 572 aquam
771 491 812 553 de
834 489 954 568 Blithe,
970 493 1127 572 quantum
1149 493 1235 552 terra

66 601 123 644 ena
148 582 257 648 durat
284 586 377 650 sicud
408 586 523 650 melina
547 585 717 663 voluerint,
748 588 818 649 eine
843 587 1064 669 inpedimento
1095 588 1159 649 mei
1184 587 1234 648 vel

69 678 233 745 heredum
248 703 409 747 meorum.
455 683 614 758 Teatibue‚
630 687 692 745 etc.

143 870 273 951 Sciant,
296 880 360 937 etc.
377 875 462 957 qnod
485 894 545 957 ego
566 874 671 936 Adam
694 875 734 936 de
758 873 918 938 Cambone
940 876 1016 938 dedi
1039 880 1073 937 et
1095 896 1184 938 conc.
1199 879 1233 937 et
1319 889 1346 930 v·

76 969 138 1031 hac
160 989 194 1052 p.
211 991 240 1032 c.
255 991 302 1033 m.
324 971 410 1034 conf.
433 971 503 1033 Deo
525 976 559 1033 et
581 991 645 1033 mo.
660 971 746 1032 Novi
768 971 871 1047 Mon,
893 976 998 1034 totam
1020 978 1140 1033 terram
1162 992 1233 1053 quae
1258 946 1380 1077 mppr

73 1065 166 1148 jacet
179 1086 240 1149 per
254 1065 328 1130 loca
346 1067 388 1131 ad
403 1068 511 1150 capita
532 1072 691 1130 terrarum
713 1068 858 1143 culturae,
875 1088 946 1150 quae
964 1067 1076 1151 jacent
1099 1070 1134 1130 in
1150 1069 1234 1129 occi-
1257 1078 1338 1127 Aetam
1351 1078 1384 1128 de

79 1161 204 1225 dentali
231 1179 325 1245 parte
347 1184 429 1226 aree
454 1164 611 1226 salinariae
633 1162 795 1226 dictorum
817 1165 1055 1241 monachorum,
1074 1169 1105 1226 et
1129 1168 1234 1226 totam
1259 1145 1391 1195 ⁰³th

79 1263 204 1321 terram
218 1279 290 1341 quae
300 1259 408 1342 jacuit
422 1261 458 1322 in
472 1259 621 1322 orientali
632 1257 729 1344 (ara)
738 1266 829 1341 parte
838 1259 981 1342 ejusdem
992 1280 1072 1323 areae
1081 1261 1122 1323 ad
1132 1260 1234 1342 capud

81 1353 227 1437 ejusdem
250 1355 385 1418 culturae
409 1376 483 1419 euae.
530 1356 615 1419 Dedi
640 1357 745 1418 eciam
770 1356 891 1418 eisdem
916 1357 1078 1418 monachis
1104 1363 1233 1438 pratum

81 1451 170 1534 quod
184 1457 317 1513 vocatur
331 1451 362 1514 le
379 1451 575 1515 Frereleohe.
621 1451 739 1514 Omnia
754 1453 816 1513 ista
831 1452 906 1513 dedi
928 1451 1048 1514 eisdem
1063 1472 1149 1514 mon.
1165 1453 1234 1514 aine

81 1548 174 1609 omni
187 1552 420 1625 retenemento,
435 1550 471 1610 in
488 1547 543 1610 lib.
558 1568 630 1631 pur.
644 1552 679 1610 et
694 1568 782 1630 perp.
798 1548 838 1611 el.
885 1548 960 1610 Hiie
974 1548 1120 1611 testibus.

151 1739 274 1815 sciant,
289 1744 353 1802 etc.
375 1740 461 1823 quod
483 1760 545 1823 ego
565 1739 669 1802 Adam
692 1740 732 1802 de
754 1739 913 1803 Gamhoue
936 1740 1010 1803 dedi
1033 1745 1067 1802 et
1089 1759 1177 1800 conc.
1201 1742 1236 1800 et
1316 1749 1355 1816 vj·

81 1837 144 1898 hac
166 1855 199 1918 p.
214 1856 245 1898 c.
259 1857 304 1898 m.
328 1836 413 1898 conf.
437 1836 505 1899 Deo
525 1843 560 1898 et
584 1835 616 1899 S.
634 1836 681 1898 M.
697 1842 732 1899 et
753 1856 816 1898 mo.
831 1835 872 1898 de
890 1837 981 1898 Novo
996 1836 1097 1911 Mon,
1113 1855 1133 1895 ι
1148 1855 1235 1896 acrae
1260 1818 1382 1946 ffi'ssssf

80 1937 178 1993 terrae
192 1951 267 1993 cum
281 1933 502 2015 pertinenciis,
516 1932 557 1994 de
573 1952 645 1994 meo
660 1933 822 1995 dominico
837 1934 872 1995 in
895 1933 1059 1995 territorio
1074 1931 1115 1994 de
1135 1931 1236 1992 Kam-
1260 1948 1304 1997 tho
1315 1964 1390 1998 same.

81 2027 175 2103 hone,
201 2027 336 2104 scilicet,
361 2029 396 2089 in
426 2028 553 2091 cultura
576 2049 647 2110 quae
674 2035 805 2091 vocatur
834 2029 977 2111 Medrig,
1000 2049 1038 2089 ex
1063 2027 1236 2109 aquilonali

81 2129 176 2206 parte
195 2123 306 2187 aalinae
321 2124 362 2186 de
384 2123 622 2201 Blithemnthe‚
637 2131 670 2187 et
692 2145 895 2187 communem
918 2130 1080 2207 pasturam
1095 2129 1129 2186 et
1151 2143 1237 2185 oom-

82 2220 196 2281 mnnia
212 2220 390 2282 aaiamenta
412 2220 555 2304 ejusdem
581 2220 667 2282 villae
690 2225 848 2301 quantum
865 2221 1008 2302 pertinet
1038 2219 1079 2282 ad
1110 2223 1235 2280 tantam

81 2322 206 2381 terram
224 2317 261 2377 in
282 2317 395 2380 eadem
410 2317 499 2378 villa.
545 2317 624 2379 Ten.
640 2323 674 2378 et
696 2316 770 2379 hab.
786 2317 884 2398 praed.
901 2338 965 2380 mo.
983 2318 1023 2380 de
1038 2337 1091 2377 me
1113 2320 1147 2377 et
1168 2316 1235 2378 her.

81 2432 126 2474 m.
142 2413 179 2473 in
193 2412 250 2474 lib.
260 2432 331 2494 pur.
343 2418 378 2475 et
392 2434 480 2495 perp.
492 2413 544 2490 el.‚
559 2414 640 2476 adeo
650 2412 750 2475 libere
765 2419 799 2474 et
813 2414 921 2494 quiete
931 2420 962 2474 et
978 2413 1083 2475 solute
1098 2412 1139 2474 ab
1150 2433 1235 2478 omn.

81 2508 178 2570 rebue
189 2528 260 2590 quae
286 2508 329 2570 ab
349 2507 457 2591 aliqua
472 2516 558 2571 terra
573 2509 660 2592 exigi
675 2514 817 2590 possunt,
833 2508 923 2570 sicud
946 2508 1055 2589 aliqua
1070 2508 1111 2571 el.
1129 2513 1237 2591 potest

81 2603 213 2666 liberine
227 2609 260 2666 et
284 2605 426 2686 quieoiue
441 2605 510 2668 dari
532 2609 567 2666 et
587 2604 751 2687 possideri.
797 2604 843 2665 Et
866 2604 1045 2687 egoAdam
1060 2605 1175 2669 ether.
1191 2625 1235 2668 m.

81 2719 157 2761 war.
173 2699 269 2782 praed.
285 2719 348 2761 mo.
365 2701 473 2762 omnia
487 2700 642 2782 praedicta
657 2705 768 2762 contra
784 2720 904 2777 omnes,
919 2706 981 2763 etc.

150 2892 273 2969 Sciant,
288 2897 352 2956 etc.
366 2893 451 2976 quod
473 2912 533 2975 ego
555 2894 660 2956 Adam
682 2892 723 2955 de
750 2891 908 2955 Camhoun
923 2893 1010 2971 dedi,
1026 2914 1114 2956 conc.
1130 2900 1163 2955 et
1178 2894 1238 2956 hac
1312 2906 1359 2973 vij·

81 3010 114 3073 p.
130 3010 159 3053 c.
175 2989 261 3052 conf.
276 2989 390 3052 Decet
401 3010 466 3051 mo.
482 2989 560 3051 eccl.
572 2989 658 3051 Novi
668 2990 771 3066 Mon„
780 2995 885 3052 totam
894 2995 1014 3052 terram
1029 3011 1126 3072 quam
1138 2990 1237 3052 habui
1261 2975 1383 3104 ffiffissf

81 3087 116 3148 in
133 3084 261 3147 cultura
275 3105 347 3167 quae
361 3091 494 3148 vocatur
509 3086 663 3168 Miderig‚
675 3092 710 3148 et
724 3091 827 3148 totam
844 3092 962 3149 terram
978 3107 1074 3167 quam
1089 3087 1187 3148 habui
1202 3088 1237 3148 in
1261 3107 1305 3156 che
1317 3123 1391 3156 same.

82 3182 140 3245 illa
160 3188 255 3265 parte
277 3184 358 3265 agri,
373 3203 444 3265 quae
459 3189 591 3245 vocatur
613 3184 644 3245 le
668 3182 761 3258 Snoc‚
786 3185 821 3245 in
843 3183 1004 3245 territorio
1023 3183 1063 3242 de
1086 3181 1237 3258 Gerrhus,

81 3286 116 3341 et
130 3298 338 3341 communem
351 3284 516 3361 past-uram
526 3280 642 3341 averiis
657 3281 732 3355 suia,
741 3286 900 3362 quantum
909 3279 1050 3360 pertinet
1059 3277 1100 3338 ad
1111 3284 1237 3340 tantam

83 3382 203 3438 terram
213 3375 249 3437 in
258 3375 372 3437 eadem
382 3374 470 3437 villa.
508 3375 554 3437 Et
568 3381 721 3457 praeterea
733 3376 807 3438 dedi
819 3376 863 3437 eis
874 3378 1039 3456 pasturam
1050 3373 1127 3456 iiij0=
1139 3374 1238 3437 bobus

83 3471 134 3533 vel
148 3470 230 3554 iiij⁰²
244 3472 349 3533 vaceis
362 3473 397 3533 in
422 3470 551 3534 defenso
574 3471 627 3534 del
643 3470 726 3533 Snoc
748 3491 767 3532 a
790 3470 894 3532 siketo
916 3470 1001 3551 qnod
1023 3471 1129 3532 estin
1153 3476 1238 3533 terra

83 3567 178 3630 Alani
200 3567 241 3629 de
269 3566 407 3630 Camhun
437 3587 543 3629 verene
578 3574 732 3630 austrum.
779 3567 824 3628 Et
853 3566 928 3629 dedi
958 3572 991 3628 et
1014 3587 1101 3629 conc.
1117 3567 1237 3630 eisdem

83 3663 248 3727 monachia
275 3670 313 3724 ut
338 3664 468 3745 capiant
492 3663 599 3745 algam
622 3663 718 3725 marie
742 3663 783 3725 ad
810 3663 1073 3744 impinguandam
1102 3664 1238 3725 eandem
1262 3667 1377 3744 Senepta

83 3768 214 3836 terram,
226 3765 261 3820 et
277 3759 362 3820 viam
377 3759 418 3820 ad
432 3758 533 3820 libere
543 3758 725 3821 ducendum
737 3778 808 3819 eam
820 3779 913 3840 super
925 3760 1020 3840 praed.
1033 3765 1141 3834 terras,
1153 3758 1237 3821 etad
1261 3733 1396 3849 {prdtsppgr

83 3854 255 3918 carbonem
271 3855 366 3916 marie
380 3854 572 3936 capiendum
593 3855 650 3917 ubi
672 3855 822 3916 inventus
844 3854 942 3915 fuerit
964 3874 984 3915 a
999 3855 1159 3936 praedictis
1174 3860 1239 3916 ter-
1262 3866 1326 3917 conl.

12 4011 19 4026 ,
83 3951 179 4013 minis
195 3970 296 4034 usqne
311 3949 422 4011 Blithe
437 3954 471 4011 et
485 3970 591 4012 verens
606 3970 692 4012 mare
715 3955 873 4031 qnantum
894 3949 936 4011 ad
951 3950 1118 4031 praedictna
1140 3956 1238 4012 terrae

84 4048 235 4129 pertinet,
251 4052 286 4108 et
306 4046 348 4109 ad
362 4045 498 4108 faciend.
515 4046 691 4109 utilitatem
705 4066 797 4107 suam
821 4045 1038 4107 omnimodam
1060 4046 1143 4108 infra
1157 4068 1237 4129 prae-

84 4143 185 4205 dictas
216 4149 316 4206 terrae
346 4142 436 4205 sicud
465 4142 510 4203 eie
543 4141 710 4224 placuerit.
758 4140 874 4204 Omnia
905 4141 968 4202 ista
991 4142 1142 4222 praedicta
1164 4143 1238 4205 dedi

84 4240 204 4303 eisdem
220 4260 284 4302 mo.
301 4240 335 4301 in
350 4238 407 4301 lib.
424 4258 494 4321 pur.
515 4245 550 4300 et
571 4258 658 4321 perp.
675 4237 715 4300 el.
732 4239 876 4320 quietam
891 4242 925 4299 et
940 4237 1078 4299 solutam
1093 4239 1135 4300 ab
1151 4240 1239 4301 omni

83 4337 216 4399 servicio
230 4342 266 4399 et
282 4336 460 4414 exaccione,
506 4335 552 4396 Et
567 4355 637 4418 ego,
652 4340 714 4398 eto.
