2940 5048
73 280 120 350 64
687 299 969 353 cuaawuaarun

77 487 114 551 By
127 487 183 537 ou-
249 470 331 533 conf.
348 470 416 532 Deo
431 477 465 533 et
480 469 511 534 S.
521 470 570 532 M.
586 475 620 532 et
634 489 723 532 mon.
739 468 780 531 de
791 469 885 532 Novo
896 468 1003 545 Mon,
1016 489 1077 551 pro
1092 468 1203 531 salute
1217 469 1344 533 animae
1354 491 1431 536 mea

73 553 139 603 bcrt.
248 572 283 629 et
302 568 409 629 uxoris
425 587 516 645 meae,
532 568 635 649 patris
649 566 716 628 mei
738 572 774 628 et
795 566 913 627 matris
927 585 1023 642 mea,
1039 570 1291 628 antecessorum
1307 571 1344 629 et
1365 588 1430 631 om·

249 664 341 724 nium
355 668 528 745 parentum
543 682 700 737 meorum,
716 681 828 724 omnes
843 662 1040 725 donaciones
1055 667 1092 724 et
1107 664 1340 727 concessiones
1354 684 1428 747 quas

250 758 406 819 Ricardus
421 759 461 820 dc
478 758 654 821 Umfrauill
669 764 762 840 pater
776 778 869 821 meus
884 758 931 820 cis
946 756 1042 821 dedit
1056 764 1093 821 ct
1114 762 1211 821 carta
1234 780 1296 822 sua
1316 761 1428 825 contir-

76 868 199 926 Kiulanu,
250 857 365 931 mavit,
387 854 523 931 scilicet,
546 853 712 917 Kideland
735 861 770 917 et
792 854 1042 936 Alewenthopes
1067 874 1126 937 per
1150 876 1227 919 suras
1250 856 1373 920 divisas
1394 860 1425 922 in

76 942 123 986 etc
252 954 341 1011 carta
355 951 457 1032 patris
471 950 537 1012 mei
549 949 699 1031 predicti
713 950 844 1013 Ricardi
860 955 1043 1027 contentas,
1058 956 1095 1013 et
1110 971 1189 1014 cum
1204 972 1300 1017 omn.
1310 956 1424 1037 pertin

252 1046 316 1107 suis
331 1046 420 1107 sicud
432 1052 521 1107 carta
537 1046 680 1129 ejusdem
693 1047 765 1110 Ric.
778 1067 876 1128 quam
892 1046 969 1109 inde
981 1047 1108 1110 habent
1123 1054 1304 1131 proportat
1318 1054 1354 1113 et
1366 1056 1425 1115 tes·
1448 1114 1451 1119 .

76 1149 220 1214 Scorthope,
252 1148 350 1203 tatur.
392 1140 537 1204 Concedo
552 1144 655 1203 eciam
670 1149 706 1204 et
720 1143 877 1205 confirmo
892 1143 1015 1205 eisdem
1026 1163 1116 1205 mon.
1130 1149 1240 1207 totam
1251 1144 1424 1231 Scorthope

77 1222 123 1265 etc.
253 1244 287 1300 et
302 1238 467 1301 Fasteside
482 1243 516 1301 et
530 1238 721 1301 Alribarwes
736 1260 795 1321 per
813 1260 886 1302 suas
909 1240 1031 1302 divisas
1054 1241 1089 1302 in
1115 1248 1209 1304 carta
1232 1246 1341 1325 patris
1362 1246 1423 1309 mei

254 1340 431 1413 contentas,
446 1342 481 1397 et
501 1356 574 1397 cum
601 1355 686 1396 omn.
711 1337 833 1417 pertin.
855 1337 921 1397 suis
944 1336 1036 1398 sicud
1060 1336 1097 1397 in
1125 1344 1220 1400 carta
1235 1342 1344 1421 patris
1361 1343 1421 1405 mai

254 1433 458 1506 continetur3
478 1436 512 1494 et
533 1437 638 1493 totam
661 1430 755 1494 illam
778 1438 901 1493 terram
924 1452 1023 1514 quam
1048 1432 1217 1497 Henricus
1240 1436 1422 1501 balistarius

79 1526 224 1591 Hcppeden.
255 1527 415 1609 quondam
441 1528 549 1590 tenuit
575 1528 610 1589 in
635 1527 815 1609 Heppeden
842 1548 900 1610 per
924 1549 997 1590 suras
1021 1529 1145 1591 divisae
1161 1531 1199 1593 in
1214 1538 1309 1596 carta
1324 1536 1421 1617 patris

256 1624 320 1685 mci
335 1628 512 1702 contentas,
523 1630 639 1686 etcum
655 1643 742 1685 omn.
757 1630 841 1707 pert.
858 1644 882 1688 s.
899 1626 935 1686 in
951 1624 1010 1687 lib.
1026 1645 1098 1707 pur.
1115 1630 1150 1688 et
1167 1648 1264 1711 perp.
1280 1630 1323 1694 el.
1344 1632 1420 1694 aolu-

255 1726 324 1782 tam
343 1726 377 1782 et
399 1722 543 1802 quietam
567 1720 609 1781 ab
635 1721 724 1782 omni
752 1721 886 1783 servicio
911 1727 948 1784 et
972 1723 1156 1785 exaccione.
1205 1724 1252 1786 Et
1269 1735 1421 1809 preterca

256 1817 393 1880 concedo
411 1822 446 1881 et
467 1819 622 1881 confirmo
633 1817 755 1880 eisdem
777 1838 865 1882 mon.
881 1839 994 1881 omnes
1016 1818 1215 1883 donaciones
1238 1832 1275 1885 et
1298 1844 1420 1888 conces·

257 1916 372 1991 siones,
396 1935 474 1997 quas
500 1916 545 1977 eis
569 1915 716 1976 fecerunt
732 1913 888 1977 Odnellus
903 1915 944 1978 de
964 1915 1142 1979 Umfrauill
1166 1938 1250 1993 aulus
1275 1940 1367 1984 meus
1389 1928 1421 1985 et

82 2018 174 2078 auton,
184 2027 232 2072 etc.
257 2010 439 2074 Willelmus
453 2011 629 2074 avunculus
645 2030 734 2072 meus
757 2017 792 2073 ct
813 2017 908 2093 pater
930 2032 1033 2090 meus,
1048 2013 1188 2091 scilicet,
1205 2014 1336 2095 Filton,
1351 2017 1420 2081 Tol·

257 2109 332 2172 land
355 2128 412 2190 per
436 2129 507 2171 suas
530 2108 658 2181 divisas,
680 2112 714 2169 et
738 2107 761 2189 ij
790 2128 880 2170 acras
906 2113 1001 2170 terrae
1026 2129 1122 2191 super
1148 2110 1307 2176 Dcrwent
1327 2113 1420 2196 juxta

84 2217 189 2268 thviot
258 2204 496 2287 Cheppwell‚et
506 2209 612 2267 totam
622 2203 713 2265 illam
725 2208 845 2266 terram
861 2206 897 2266 in
913 2203 1061 2268 Chiuiett
1073 2225 1193 2283 mores,
1202 2228 1278 2290 quae
1291 2216 1419 2273 vocatur

84 2300 172 2335 ''¹⁰⁰³-
258 2302 465 2383 Wytetrowes
480 2321 537 2383 per
552 2319 624 2362 suaa
639 2299 768 2376 divisas,
780 2321 854 2362 cum
870 2302 1020 2364 omnibus
1034 2302 1251 2383 pertinenciis
1267 2306 1335 2369 suis
1349 2328 1420 2371 con·

258 2403 365 2463 tentas
379 2397 415 2457 in
430 2398 527 2458 cartis
540 2394 699 2457 Willclmi
715 2397 755 2458 de
771 2396 959 2460 Umfrauill.
1012 2396 1161 2461 Concessi
1176 2401 1285 2464 eciam
1301 2404 1419 2467 eisdem

260 2493 422 2559 monachis
437 2514 510 2555 cum
525 2493 710 2554 hominibus
726 2499 760 2554 ct
775 2495 893 2556 averiis
918 2496 984 2555 suis
999 2493 1096 2579 (32a)
1119 2502 1155 2558 et
1172 2499 1329 2563 omnibus
1350 2500 1420 2563 aliis

260 2590 444 2656 necessariis
458 2589 595 2652 liberum
609 2590 788 2672 ingressum
806 2598 840 2653 et
855 2610 1018 2674 egressum
1033 2592 1068 2654 in
1084 2592 1191 2656 eundo
1206 2600 1243 2657 et
1257 2596 1420 2661 redeundo

261 2690 302 2753 ad
323 2707 432 2750 omnes
448 2691 548 2749 terras
562 2692 596 2748 et
609 2684 680 2748 loca
694 2707 761 2761 sua,
777 2707 848 2769 quae
864 2692 980 2749 tenent
1003 2688 1043 2750 de
1065 2688 1158 2751 feodo
1180 2710 1267 2770 meo,
1283 2694 1420 2775 pervias

262 2808 318 2872 per
334 2805 410 2868 quas
425 2784 471 2845 ire
487 2783 589 2845 solent
604 2787 638 2845 et
652 2782 783 2860 debent,
799 2783 884 2846 salva
904 2785 988 2846 mihi
1004 2790 1038 2846 et
1059 2785 1233 2849 heredibus
1255 2789 1339 2853 meia
1361 2790 1421 2853 sal·

263 2885 380 2969 vagina
410 2883 548 2943 ferarum
578 2900 721 2943 meanun
749 2881 924 2942 secundum
951 2886 1097 2944 tenorem
1124 2889 1292 2953 cartarum
1318 2888 1420 2969 patris

264 2983 327 3048 mei
358 2987 392 3042 et
414 2984 645 3041 antecessorum
670 2998 824 3039 meorum.
870 2978 916 3039 Et
938 2978 1062 3040 dabunt
1084 2979 1168 3041 mihi
1191 2986 1228 3042 et
1248 2982 1419 3047 heredibus

264 3081 345 3144 meis
367 3076 445 3159 xviij
473 3097 596 3139 marcas
620 3074 744 3156 argenti
773 3075 942 3135 annuatim
966 3074 1149 3157 dequibus
1174 3078 1304 3141 mencio
1327 3080 1367 3144 fit
1383 3082 1418 3143 in

265 3179 361 3245 cartis
387 3183 620 3238 antecessorum
643 3191 786 3233 meorum
812 3171 852 3232 ad
877 3169 900 3252 ij
928 3172 1165 3254 terminos‚qui
1182 3173 1303 3238 inillis
1320 3176 1419 3239 cartis

265 3277 480 3345 continentur.

137 3494 195 3556 ..fij-
336 3470 501 3536 Gilbertus
523 3467 563 3528 <le
587 3460 762 3526 Umfrauill
785 3480 891 3522 comes
921 3460 1080 3545 Danegos‚
1104 3462 1254 3527 salutem.
1303 3466 1422 3531 Sciatis

93 3547 214 3630 inquim-
270 3596 321 3638 me
336 3590 393 3654 pro
408 3566 510 3628 salute
522 3563 638 3623 animan
653 3579 732 3620 meae
745 3563 875 3619 etomn.
886 3564 990 3621 anteo.
1002 3564 1036 3620 et
1049 3560 1116 3622 her.
1127 3579 1274 3624 meorum
1286 3563 1422 3641 dedisse,

93 3642 228 3756 {illistam
270 3690 357 3734 conc.
371 3663 466 3727 relax.
479 3659 625 3742 quietum
641 3654 793 3717 clamasse
807 3659 841 3714 et.
855 3674 946 3736 praes.
963 3660 1051 3716 carta
1066 3675 1138 3716 mea
1152 3656 1237 3720 conf.
1247 3678 1307 3740 pro
1321 3666 1422 3723 meet

93 3772 194 3818 curent.
206 3763 238 3823 by
271 3773 337 3833 her,
360 3763 439 3826 meis
462 3758 530 3820 Deo
545 3761 580 3818 et
597 3755 633 3817 B.
650 3753 696 3815 M.
714 3751 797 3814 Abb.
820 3757 853 3813 et
868 3771 954 3813 mon.
971 3751 1054 3814 Novi
1070 3752 1159 3815 Mon.
1175 3754 1208 3815 in
1226 3754 1285 3819 lib.
1301 3776 1373 3839 pur.
1388 3763 1422 3821 et

95 3834 191 3949 §.llll
270 3888 359 3950 perp.
372 3862 463 3925 elem.
476 3854 638 3919 redditum
647 3872 668 3913 x
679 3856 712 3912 et
724 3848 781 3931 viij
799 3869 990 3927 marcarum,
999 3869 1077 3931 quaa
1091 3851 1173 3911 dicti
1189 3851 1289 3914 abbas
1303 3859 1338 3916 et
1347 3874 1422 3917 con·

95 3970 191 4025 Angus-
271 3968 385 4027 ventus
408 3955 551 4018 solebant
573 3946 823 4012 antecessoribus
845 3947 926 4007 meis
948 3946 1079 4007 etmihi
1095 3945 1215 4010 solvere
1239 3951 1420 4030 annuatim,

273 4059 432 4129 videlicet,
447 4071 504 4134 pro
527 4047 662 4131 grangia
685 4064 740 4106 sua
762 4043 803 4104 dc
826 4041 988 4104 Kideland
1015 4041 1085 4123 iiij¹
1104 4062 1237 4121 marcas,
1259 4051 1294 4110 et
1318 4047 1421 4130 prole

272 4158 555 4217 Witctrowescum
566 4141 945 4227 pertinenciisxmarcas.
969 4138 1054 4201 Hab.
1063 4146 1096 4201 et
1108 4145 1173 4202 ten.
1181 4140 1421 4207 dictumreddi·

272 4260 343 4315 tum
359 4271 379 4310 x
396 4254 428 4310 et
443 4245 499 4326 viij
517 4260 698 4304 marcarum
711 4238 808 4299 <lictis
823 4236 896 4299 abb.
913 4240 947 4298 et
958 4256 1043 4297 mon.
1060 4242 1095 4298 et
1110 4256 1172 4298 eor.
1189 4241 1421 4304 successoribus

274 4349 421 4420 liberum,
434 4341 585 4415 solutum,
596 4346 629 4399 et
645 4336 803 4419 quietum,
813 4333 853 4396 dc
873 4353 925 4394 me
943 4338 976 4395 et
997 4333 1064 4396 her.
1077 4334 1318 4415 inperpetuum
1331 4337 1421 4400 sicud

636 4456 644 4486 ¹
664 4450 798 4522 Probably
811 4468 845 4504 an
857 4466 929 4505 error
941 4448 984 4503 for
996 4448 1053 4521 viij.
